Time,ID,Price,Quantity,Market Maker
1738032742016118,4477561487,102296.23000000,0.00005000,False
1738032742016118,4477561488,102296.23000000,0.00006000,False
1738032742016118,4477561489,102296.23000000,0.00006000,False
1738032742016118,4477561490,102296.23000000,0.00006000,False
1738032742016118,4477561491,102296.23000000,0.00006000,False
1738032742016118,4477561492,102296.23000000,0.00006000,False
1738032742016118,4477561493,102296.23000000,0.00006000,False
1738032742016118,4477561494,102296.23000000,0.00006000,False
1738032742016118,4477561495,102296.23000000,0.00006000,False
1738032742016118,4477561496,102296.23000000,0.00006000,False
1738032742016118,4477561497,102296.23000000,0.00006000,False
1738032742016118,4477561498,102296.23000000,0.00005000,False
1738032742016118,4477561499,102296.23000000,0.00006000,False
1738032742016118,4477561500,102296.23000000,0.00006000,False
1738032742016118,4477561501,102296.23000000,0.00006000,False
1738032742016118,4477561502,102296.23000000,0.00011000,False
1738032742016118,4477561503,102296.23000000,0.00005000,False
1738032742016118,4477561504,102296.23000000,0.00005000,False
1738032742016118,4477561505,102296.23000000,0.00005000,False
1738032742016118,4477561506,102296.23000000,0.00005000,False
1738032742016118,4477561507,102296.23000000,0.00005000,False
1738032742016118,4477561508,102296.23000000,0.00005000,False
1738032742016118,4477561509,102296.23000000,0.00005000,False
1738032742016118,4477561510,102296.23000000,0.00005000,False
1738032742016118,4477561511,102296.23000000,0.00005000,False
1738032742016118,4477561512,102296.23000000,0.00005000,False
1738032742016118,4477561513,102296.23000000,0.00005000,False
1738032742016118,4477561514,102296.23000000,0.00005000,False
1738032742016118,4477561515,102296.23000000,0.00005000,False
1738032742016118,4477561516,102296.23000000,0.00005000,False
1738032742016118,4477561517,102296.23000000,0.00005000,False
1738032742016118,4477561518,102296.23000000,0.00005000,False
1738032742016118,4477561519,102296.23000000,0.00005000,False
1738032742016118,4477561520,102296.23000000,0.00005000,False
1738032742016118,4477561521,102296.88000000,0.00005000,False
1738032742016118,4477561522,102296.88000000,0.00006000,False
1738032742016118,4477561523,102296.88000000,0.00006000,False
1738032742016118,4477561524,102297.09000000,0.00006000,False
1738032742016118,4477561525,102297.09000000,0.00006000,False
1738032742016118,4477561526,102297.09000000,0.00006000,False
1738032742016118,4477561527,102297.09000000,0.00006000,False
1738032742016118,4477561528,102297.09000000,0.00009000,False
1738032742016118,4477561529,102297.09000000,0.00009000,False
1738032742016118,4477561530,102297.09000000,0.00006000,False
1738032742104731,4477561531,102297.10000000,0.00006000,False
1738032742104731,4477561532,102297.10000000,0.00006000,False
1738032742104731,4477561533,102297.10000000,0.00008000,False
1738032742104731,4477561534,102297.10000000,0.00008000,False
1738032742104731,4477561535,102297.10000000,0.00011000,False
1738032742104731,4477561536,102297.10000000,0.00011000,False
1738032742104731,4477561537,102297.10000000,0.00006000,False
1738032742104731,4477561538,102297.10000000,0.00006000,False
1738032742104731,4477561539,102297.10000000,0.00006000,False
1738032742104731,4477561540,102297.10000000,0.00006000,False
1738032742104731,4477561541,102297.10000000,0.00006000,False
1738032742104731,4477561542,102297.10000000,0.00006000,False
1738032742104731,4477561543,102297.10000000,0.00006000,False
1738032742104731,4477561544,102297.10000000,0.00006000,False
1738032742104731,4477561545,102297.10000000,0.00006000,False
1738032742104731,4477561546,102297.10000000,0.00006000,False
1738032742104731,4477561547,102297.10000000,0.00011000,False
1738032742104731,4477561548,102297.10000000,0.00006000,False
1738032742110930,4477561549,102297.11000000,0.00006000,False
1738032742110930,4477561550,102297.11000000,0.00005000,False
1738032742171724,4477561551,102297.10000000,0.00019000,True
1738032742243566,4477561552,102297.11000000,0.00001000,False
1738032742243566,4477561553,102297.11000000,0.00006000,False
1738032742243566,4477561554,102297.11000000,0.00006000,False
1738032742243566,4477561555,102297.11000000,0.00006000,False
1738032742243566,4477561556,102297.11000000,0.00006000,False
1738032742243566,4477561557,102297.11000000,0.00006000,False
1738032742243566,4477561558,102297.11000000,0.00006000,False
1738032742243566,4477561559,102297.11000000,0.00006000,False
1738032742243566,4477561560,102297.11000000,0.00006000,False
1738032742243566,4477561561,102297.11000000,0.00006000,False
1738032742243566,4477561562,102297.77000000,0.00006000,False
1738032742243566,4477561563,102297.77000000,0.00006000,False
1738032742243566,4477561564,102297.78000000,0.00006000,False
1738032742243566,4477561565,102297.78000000,0.00006000,False
1738032742243566,4477561566,102297.90000000,0.00005000,False
1738032742243566,4477561567,102297.90000000,0.00006000,False
1738032742243566,4477561568,102297.90000000,0.00006000,False
1738032742243566,4477561569,102298.37000000,0.00006000,False
1738032742243566,4477561570,102298.37000000,0.00006000,False
1738032742243566,4477561571,102298.50000000,0.00006000,False
1738032742243566,4477561572,102298.50000000,0.00006000,False
1738032742243566,4477561573,102298.57000000,0.00006000,False
1738032742243566,4477561574,102298.57000000,0.00006000,False
1738032742243566,4477561575,102298.92000000,0.00005000,False
1738032742243566,4477561576,102298.92000000,0.00006000,False
1738032742243566,4477561577,102298.92000000,0.00004000,False
1738032742519201,4477561578,102298.92000000,0.00002000,False
1738032742519201,4477561579,102298.92000000,0.00006000,False
1738032742519201,4477561580,102298.92000000,0.00006000,False
1738032742519201,4477561581,102298.92000000,0.00002000,False
1738032742598714,4477561582,102298.92000000,0.00004000,False
1738032742598714,4477561583,102298.92000000,0.00006000,False
1738032742598714,4477561584,102298.92000000,0.00001000,False
1738032742759800,4477561585,102298.91000000,0.00010000,True
1738032742824682,4477561586,102298.92000000,0.00005000,False
1738032742824682,4477561587,102298.92000000,0.00006000,False
1738032742824682,4477561588,102298.92000000,0.00006000,False
1738032742824682,4477561589,102298.92000000,0.00006000,False
1738032742824682,4477561590,102298.92000000,0.00006000,False
1738032742824682,4477561591,102298.92000000,0.00012000,False
1738032742824682,4477561592,102298.92000000,0.00018000,False
1738032742994712,4477561593,102298.91000000,0.00506000,True
1738032743822626,4477561594,102298.91000000,0.00081000,True
1738032744044967,4477561595,102298.92000000,0.00044000,False
1738032744618313,4477561596,102298.92000000,0.00698000,False
1738032744618313,4477561597,102298.92000000,0.00006000,False
1738032744618313,4477561598,102298.92000000,0.00006000,False
1738032744618313,4477561599,102298.92000000,0.00006000,False
1738032744618313,4477561600,102298.92000000,0.00006000,False
1738032744618313,4477561601,102298.92000000,0.00006000,False
1738032744618313,4477561602,102298.92000000,0.00006000,False
1738032744618313,4477561603,102298.92000000,0.00006000,False
1738032744618313,4477561604,102298.92000000,0.00006000,False
1738032744618313,4477561605,102298.92000000,0.00006000,False
1738032744618313,4477561606,102298.92000000,0.00006000,False
1738032744618313,4477561607,102298.92000000,0.05738000,False
1738032744618313,4477561608,102298.92000000,0.00011000,False
1738032744618313,4477561609,102299.35000000,0.00041000,False
1738032744618313,4477561610,102299.35000000,0.00006000,False
1738032744618313,4477561611,102299.35000000,0.00006000,False
1738032744618313,4477561612,102299.45000000,0.00006000,False
1738032744618313,4477561613,102299.45000000,0.00006000,False
1738032744618313,4477561614,102299.46000000,0.00006000,False
1738032744618313,4477561615,102299.46000000,0.00006000,False
1738032744618313,4477561616,102299.61000000,0.00006000,False
1738032744618313,4477561617,102299.61000000,0.00006000,False
1738032744618313,4477561618,102299.62000000,0.00006000,False
1738032744618313,4477561619,102299.62000000,0.00006000,False
1738032744618313,4477561620,102299.80000000,0.00006000,False
1738032744618313,4477561621,102299.80000000,0.00006000,False
1738032744618313,4477561622,102299.81000000,0.00006000,False
1738032744618313,4477561623,102299.81000000,0.00006000,False
1738032744618313,4477561624,102299.87000000,0.00005000,False
1738032744618313,4477561625,102299.87000000,0.00006000,False
1738032744618313,4477561626,102299.87000000,0.00006000,False
1738032744618313,4477561627,102299.87000000,0.00005000,False
1738032744618313,4477561628,102299.87000000,0.00005000,False
1738032744618313,4477561629,102299.87000000,0.00005000,False
1738032744618313,4477561630,102299.87000000,0.00005000,False
1738032744618313,4477561631,102299.87000000,0.00005000,False
1738032744618313,4477561632,102299.87000000,0.00005000,False
1738032744618313,4477561633,102299.87000000,0.00005000,False
1738032744618313,4477561634,102299.87000000,0.00005000,False
1738032744618313,4477561635,102299.87000000,0.00005000,False
1738032744618313,4477561636,102299.94000000,0.00006000,False
1738032744618313,4477561637,102299.94000000,0.00006000,False
1738032744618313,4477561638,102299.98000000,0.00006000,False
1738032744618313,4477561639,102299.98000000,0.00006000,False
1738032744618313,4477561640,102299.99000000,0.00006000,False
1738032744618313,4477561641,102299.99000000,0.00006000,False
1738032744618313,4477561642,102299.99000000,0.00006000,False
1738032744618313,4477561643,102299.99000000,0.00006000,False
1738032744618313,4477561644,102299.99000000,0.00006000,False
1738032744618313,4477561645,102300.00000000,0.01592000,False
1738032744618327,4477561646,102300.00000000,0.00363000,False
1738032744618327,4477561647,102300.00000000,0.00400000,False
1738032744618327,4477561648,102300.00000000,0.00006000,False
1738032744618327,4477561649,102300.00000000,0.00006000,False
1738032744618327,4477561650,102300.00000000,0.00084000,False
1738032744618483,4477561651,102300.00000000,0.00039000,False
1738032744618483,4477561652,102300.49000000,0.00006000,False
1738032744618483,4477561653,102300.49000000,0.00006000,False
1738032744618483,4477561654,102301.77000000,0.00006000,False
1738032744618483,4477561655,102301.77000000,0.00006000,False
1738032744618483,4477561656,102301.85000000,0.00757000,False
1738032744618483,4477561657,102301.85000000,0.00011000,False
1738032744619861,4477561658,102304.00000000,0.00400000,False
1738032744634434,4477561659,102303.99000000,0.00006000,False
1738032744634434,4477561660,102303.99000000,0.00006000,False
1738032744634434,4477561661,102303.99000000,0.00006000,False
1738032744634434,4477561662,102303.99000000,0.00006000,False
1738032744634434,4477561663,102303.99000000,0.00006000,False
1738032744634434,4477561664,102303.99000000,0.00006000,False
1738032744634434,4477561665,102303.99000000,0.00006000,False
1738032744634434,4477561666,102303.99000000,0.00006000,False
1738032744634434,4477561667,102303.99000000,0.00006000,False
1738032744634434,4477561668,102303.99000000,0.00006000,False
1738032744634434,4477561669,102303.99000000,0.00006000,False
1738032744634434,4477561670,102303.99000000,0.00006000,False
1738032744634434,4477561671,102303.99000000,0.00006000,False
1738032744634434,4477561672,102303.99000000,0.00006000,False
1738032744634434,4477561673,102303.99000000,0.00006000,False
1738032744634434,4477561674,102303.99000000,0.00006000,False
1738032744634434,4477561675,102303.99000000,0.00004000,False
1738032744634589,4477561676,102303.99000000,0.00002000,False
1738032744634589,4477561677,102304.00000000,0.00006000,False
1738032744634589,4477561678,102304.00000000,0.00006000,False
1738032744634589,4477561679,102304.00000000,0.00006000,False
1738032744634589,4477561680,102304.00000000,0.00006000,False
1738032744634589,4477561681,102304.02000000,0.00006000,False
1738032744634589,4477561682,102304.02000000,0.00006000,False
1738032744635513,4477561683,102305.55000000,0.00010000,False
1738032744635513,4477561684,102305.55000000,0.00006000,False
1738032744635513,4477561685,102305.55000000,0.00006000,False
1738032744635513,4477561686,102307.58000000,0.00041000,False
1738032744635513,4477561687,102307.58000000,0.00006000,False
1738032744635513,4477561688,102307.58000000,0.00006000,False
1738032744635513,4477561689,102307.59000000,0.00006000,False
1738032744635513,4477561690,102307.59000000,0.00006000,False
1738032744635513,4477561691,102307.75000000,0.00011000,False
1738032744635513,4477561692,102307.75000000,0.00006000,False
1738032744635513,4477561693,102307.75000000,0.00006000,False
1738032744635513,4477561694,102307.85000000,0.00007000,False
1738032744635513,4477561695,102307.85000000,0.00007000,False
1738032744635513,4477561696,102307.85000000,0.00007000,False
1738032744635513,4477561697,102307.85000000,0.00007000,False
1738032744635513,4477561698,102307.85000000,0.00006000,False
1738032744635513,4477561699,102307.85000000,0.00006000,False
1738032744635513,4477561700,102307.86000000,0.00005000,False
1738032744635513,4477561701,102307.86000000,0.00006000,False
1738032744635513,4477561702,102307.86000000,0.00006000,False
1738032744635513,4477561703,102307.86000000,0.00005000,False
1738032744635513,4477561704,102307.86000000,0.00005000,False
1738032744635513,4477561705,102307.86000000,0.00005000,False
1738032744635513,4477561706,102307.86000000,0.00005000,False
1738032744635513,4477561707,102307.86000000,0.00005000,False
1738032744635513,4477561708,102307.86000000,0.00005000,False
1738032744635513,4477561709,102307.86000000,0.00005000,False
1738032744635513,4477561710,102307.86000000,0.00005000,False
1738032744635513,4477561711,102307.86000000,0.00005000,False
1738032744635513,4477561712,102307.99000000,0.00006000,False
1738032744635513,4477561713,102307.99000000,0.00006000,False
1738032744635513,4477561714,102307.99000000,0.00006000,False
1738032744635513,4477561715,102307.99000000,0.00006000,False
1738032744635513,4477561716,102307.99000000,0.00004000,False
1738032744712551,4477561717,102307.98000000,0.00058000,True
1738032744840122,4477561718,102307.98000000,0.00011000,True
1738032745100349,4477561719,102307.99000000,0.00006000,False
1738032745100349,4477561720,102307.99000000,0.00005000,False
1738032745297168,4477561721,102307.98000000,0.00676000,True
1738032745548880,4477561722,102307.99000000,0.00006000,False
1738032745548880,4477561723,102307.99000000,0.00006000,False
1738032745548880,4477561724,102307.99000000,0.00006000,False
1738032745548880,4477561725,102307.99000000,0.00006000,False
1738032745548880,4477561726,102307.99000000,0.00006000,False
1738032745548880,4477561727,102307.99000000,0.00011000,False
1738032745548880,4477561728,102307.99000000,0.00003000,False
1738032745597663,4477561729,102307.98000000,0.00006000,True
1738032745597663,4477561730,102307.98000000,0.00006000,True
1738032745597663,4477561731,102307.98000000,0.00008000,True
1738032745600849,4477561732,102307.99000000,0.00003000,False
1738032745600849,4477561733,102307.99000000,0.00006000,False
1738032745600849,4477561734,102307.99000000,0.00002000,False
1738032745614245,4477561735,102307.98000000,0.00089000,True
1738032745614245,4477561736,102307.98000000,0.00006000,True
1738032745614245,4477561737,102307.98000000,0.00006000,True
1738032745614245,4477561738,102307.98000000,0.00006000,True
1738032745614245,4477561739,102307.98000000,0.00006000,True
1738032745614245,4477561740,102307.98000000,0.00012000,True
1738032745614245,4477561741,102307.98000000,0.00005000,True
1738032745614245,4477561742,102307.98000000,0.00011000,True
1738032745614245,4477561743,102307.98000000,0.00006000,True
1738032745614245,4477561744,102307.98000000,0.00077000,True
1738032745614245,4477561745,102307.98000000,0.00006000,True
1738032745614245,4477561746,102307.98000000,0.00187000,True
1738032745614245,4477561747,102307.98000000,0.00006000,True
1738032745614245,4477561748,102307.98000000,0.00992000,True
1738032745614245,4477561749,102307.98000000,0.00006000,True
1738032745614245,4477561750,102307.98000000,0.00181000,True
1738032745924493,4477561751,102307.98000000,0.00187000,True
1738032746099022,4477561752,102307.99000000,0.00038000,False
1738032746101602,4477561753,102307.99000000,0.00011000,False
1738032746862320,4477561754,102307.98000000,0.05573000,True
1738032746862320,4477561755,102307.98000000,0.00006000,True
1738032746862320,4477561756,102307.98000000,0.00006000,True
1738032746862320,4477561757,102307.98000000,0.00006000,True
1738032746862320,4477561758,102307.98000000,0.00006000,True
1738032746862320,4477561759,102307.98000000,0.00006000,True
1738032746862320,4477561760,102307.98000000,0.00005000,True
1738032746862320,4477561761,102307.98000000,0.00006000,True
1738032746862320,4477561762,102307.98000000,0.00006000,True
1738032746862320,4477561763,102307.98000000,0.00006000,True
1738032746862320,4477561764,102307.98000000,0.00097000,True
1738032746862320,4477561765,102307.98000000,0.00011000,True
1738032746862320,4477561766,102307.98000000,0.01954000,True
1738032746862320,4477561767,102307.98000000,0.00012000,True
1738032746862320,4477561768,102307.98000000,0.00006000,True
1738032746862320,4477561769,102307.98000000,0.00157000,True
1738032746862320,4477561770,102307.98000000,0.00037000,True
1738032746862320,4477561771,102307.98000000,0.00006000,True
1738032746862320,4477561772,102307.92000000,0.00006000,True
1738032746862320,4477561773,102307.92000000,0.00006000,True
1738032746862320,4477561774,102307.85000000,0.00006000,True
1738032746862320,4477561775,102307.85000000,0.00006000,True
1738032746862320,4477561776,102307.84000000,0.00006000,True
1738032746862320,4477561777,102307.84000000,0.00006000,True
1738032746862320,4477561778,102307.75000000,0.00011000,True
1738032746862320,4477561779,102307.75000000,0.00006000,True
1738032746862320,4477561780,102307.75000000,0.00006000,True
1738032746862320,4477561781,102307.74000000,0.00006000,True
1738032746862320,4477561782,102307.74000000,0.00006000,True
1738032746862320,4477561783,102307.58000000,0.00006000,True
1738032746862320,4477561784,102307.58000000,0.00006000,True
1738032746862320,4477561785,102307.22000000,0.00006000,True
1738032746862320,4477561786,102307.22000000,0.00006000,True
1738032746862320,4477561787,102306.08000000,0.00006000,True
1738032746862320,4477561788,102306.08000000,0.00006000,True
1738032746862320,4477561789,102306.07000000,0.00006000,True
1738032746862320,4477561790,102306.07000000,0.00006000,True
1738032746862320,4477561791,102306.06000000,0.00005000,True
1738032746862320,4477561792,102306.06000000,0.00006000,True
1738032746862320,4477561793,102306.06000000,0.00006000,True
1738032746862320,4477561794,102306.01000000,0.00006000,True
1738032746862320,4477561795,102306.01000000,0.00006000,True
1738032746862320,4477561796,102306.00000000,0.00006000,True
1738032746862320,4477561797,102306.00000000,0.00006000,True
1738032746862320,4477561798,102305.93000000,0.11934000,True
1738032746954124,4477561799,102305.93000000,0.00006000,True
1738032747023311,4477561800,102305.94000000,0.00098000,False
1738032747046628,4477561801,102305.94000000,0.00044000,False
1738032747215368,4477561802,102305.93000000,0.01300000,True
1738032747895417,4477561803,102305.94000000,0.00099000,False
1738032748271415,4477561804,102305.94000000,0.00014000,False
1738032748271415,4477561805,102305.94000000,0.00009000,False
1738032748684414,4477561806,102305.93000000,0.01964000,True
1738032748890998,4477561807,102305.93000000,0.00006000,True
1738032748890998,4477561808,102305.93000000,0.00006000,True
1738032748890998,4477561809,102305.93000000,0.00006000,True
1738032748890998,4477561810,102305.93000000,0.00006000,True
1738032748890998,4477561811,102305.93000000,0.00006000,True
1738032748890998,4477561812,102305.93000000,0.00006000,True
1738032748890998,4477561813,102305.93000000,0.00006000,True
1738032748890998,4477561814,102305.93000000,0.00006000,True
1738032748890998,4477561815,102305.93000000,0.00011000,True
1738032748890998,4477561816,102305.93000000,0.00441000,True
1738032748891592,4477561817,102305.93000000,0.01513000,True
1738032748891592,4477561818,102305.93000000,0.00754000,True
1738032748891592,4477561819,102305.93000000,0.00006000,True
1738032748891592,4477561820,102305.93000000,0.00006000,True
1738032748891592,4477561821,102305.93000000,0.00147000,True
1738032748891592,4477561822,102305.93000000,0.00395000,True
1738032748891592,4477561823,102305.55000000,0.00006000,True
1738032748891592,4477561824,102305.55000000,0.00006000,True
1738032748891592,4477561825,102305.54000000,0.00005000,True
1738032748891592,4477561826,102305.54000000,0.00006000,True
1738032748891592,4477561827,102305.54000000,0.00006000,True
1738032748891592,4477561828,102305.32000000,0.00006000,True
1738032748891592,4477561829,102305.32000000,0.00006000,True
1738032748895699,4477561830,102304.00000000,0.00006000,True
1738032748895699,4477561831,102304.00000000,0.00006000,True
1738032748895699,4477561832,102304.00000000,0.00006000,True
1738032748895699,4477561833,102304.00000000,0.00006000,True
1738032748895699,4477561834,102304.00000000,0.00006000,True
1738032748895699,4477561835,102304.00000000,0.00006000,True
1738032748895699,4477561836,102304.00000000,0.00006000,True
1738032748895699,4477561837,102304.00000000,0.00006000,True
1738032748895699,4477561838,102304.00000000,0.00006000,True
1738032748895699,4477561839,102304.00000000,0.00006000,True
1738032748915985,4477561840,102303.29000000,0.00005000,True
1738032748915985,4477561841,102303.29000000,0.00006000,True
1738032748915985,4477561842,102303.29000000,0.00006000,True
1738032748915985,4477561843,102303.29000000,0.00006000,True
1738032748915985,4477561844,102303.29000000,0.00006000,True
1738032748915985,4477561845,102303.29000000,0.00006000,True
1738032748915985,4477561846,102303.29000000,0.00006000,True
1738032748915985,4477561847,102303.29000000,0.00006000,True
1738032748915985,4477561848,102303.29000000,0.00006000,True
1738032748915985,4477561849,102303.29000000,0.00006000,True
1738032748915985,4477561850,102303.29000000,0.00006000,True
1738032748916312,4477561851,102303.21000000,0.00006000,True
1738032748916312,4477561852,102303.21000000,0.00006000,True
1738032748916312,4477561853,102303.20000000,0.00006000,True
1738032748916312,4477561854,102303.20000000,0.00006000,True
1738032748916312,4477561855,102303.01000000,0.00005000,True
1738032748916312,4477561856,102303.01000000,0.00006000,True
1738032748916312,4477561857,102303.01000000,0.00006000,True
1738032748916312,4477561858,102302.65000000,0.00006000,True
1738032748916312,4477561859,102302.65000000,0.00006000,True
1738032748916312,4477561860,102302.01000000,0.00006000,True
1738032748916312,4477561861,102302.01000000,0.00006000,True
1738032748916312,4477561862,102302.00000000,0.00006000,True
1738032748916312,4477561863,102302.00000000,0.00006000,True
1738032748916312,4477561864,102301.99000000,0.00005000,True
1738032748916312,4477561865,102301.99000000,0.00006000,True
1738032748916312,4477561866,102301.99000000,0.00006000,True
1738032748916312,4477561867,102301.74000000,0.00006000,True
1738032748916312,4477561868,102301.74000000,0.00006000,True
1738032748916312,4477561869,102301.66000000,0.00006000,True
1738032748916312,4477561870,102301.66000000,0.00006000,True
1738032748916312,4477561871,102300.97000000,0.00005000,True
1738032748916312,4477561872,102300.97000000,0.00006000,True
1738032748916312,4477561873,102300.97000000,0.00006000,True
1738032748916312,4477561874,102300.80000000,0.00005000,True
1738032748916312,4477561875,102300.80000000,0.00006000,True
1738032748916312,4477561876,102300.80000000,0.00006000,True
1738032748916312,4477561877,102300.19000000,0.00012000,True
1738032748916312,4477561878,102300.19000000,0.00006000,True
1738032748916312,4477561879,102300.19000000,0.00006000,True
1738032748916312,4477561880,102298.92000000,0.00086000,True
1738032748916312,4477561881,102298.92000000,0.00006000,True
1738032748916312,4477561882,102298.92000000,0.00006000,True
1738032748916312,4477561883,102298.91000000,0.00097000,True
1738032748916312,4477561884,102298.91000000,0.00006000,True
1738032748916312,4477561885,102298.91000000,0.00006000,True
1738032748916312,4477561886,102298.64000000,0.00005000,True
1738032748916312,4477561887,102298.49000000,0.00064000,True
1738032748916312,4477561888,102297.74000000,0.00300000,True
1738032748916312,4477561889,102297.43000000,0.00755000,True
1738032748916312,4477561890,102296.00000000,0.00108000,True
1738032748916312,4477561891,102295.20000000,0.00010000,True
1738032748920842,4477561892,102294.10000000,0.00071000,False
1738032748920905,4477561893,102294.10000000,0.00129000,False
1738032749081126,4477561894,102294.10000000,0.00024000,False
1738032749229853,4477561895,102294.10000000,0.00005000,False
1738032749515515,4477561896,102294.09000000,0.00086000,True
1738032749515515,4477561897,102294.09000000,0.00006000,True
1738032749515515,4477561898,102294.09000000,0.00006000,True
1738032749515515,4477561899,102294.09000000,0.00005000,True
1738032749515515,4477561900,102294.09000000,0.00006000,True
1738032749515515,4477561901,102294.09000000,0.00006000,True
1738032749515515,4477561902,102294.09000000,0.00006000,True
1738032749515515,4477561903,102294.09000000,0.00006000,True
1738032749515515,4477561904,102294.09000000,0.00006000,True
1738032749515515,4477561905,102294.09000000,0.00006000,True
1738032749515515,4477561906,102294.09000000,0.00006000,True
1738032749515515,4477561907,102294.09000000,0.00012000,True
1738032749515515,4477561908,102294.09000000,0.00076000,True
1738032749515515,4477561909,102294.09000000,0.00006000,True
1738032749515515,4477561910,102294.09000000,0.00076000,True
1738032749515515,4477561911,102294.09000000,0.02910000,True
1738032750406501,4477561912,102294.01000000,0.00006000,False
1738032750406501,4477561913,102294.01000000,0.00097000,False
1738032750406501,4477561914,102294.01000000,0.00006000,False
1738032750406501,4477561915,102294.01000000,0.00006000,False
1738032750406501,4477561916,102294.01000000,0.00006000,False
1738032750406501,4477561917,102294.01000000,0.00006000,False
1738032750406501,4477561918,102294.01000000,0.00006000,False
1738032750406501,4477561919,102294.01000000,0.00006000,False
1738032750406501,4477561920,102294.01000000,0.00006000,False
1738032750406501,4477561921,102294.01000000,0.00006000,False
1738032750406501,4477561922,102294.01000000,0.00006000,False
1738032750406501,4477561923,102294.01000000,0.00006000,False
1738032750406501,4477561924,102294.01000000,0.00006000,False
1738032750406501,4477561925,102294.01000000,0.00006000,False
1738032750406501,4477561926,102294.01000000,0.00006000,False
1738032750406501,4477561927,102294.01000000,0.00006000,False
1738032750406501,4477561928,102294.01000000,0.00006000,False
1738032750406501,4477561929,102294.01000000,0.00006000,False
1738032750406501,4477561930,102294.01000000,0.00006000,False
1738032750406501,4477561931,102294.01000000,0.00006000,False
1738032750406501,4477561932,102294.01000000,0.00012000,False
1738032750406501,4477561933,102294.01000000,0.00011000,False
1738032750406501,4477561934,102294.01000000,0.00006000,False
1738032750406501,4477561935,102294.01000000,0.00006000,False
1738032750406501,4477561936,102294.01000000,0.00006000,False
1738032750406501,4477561937,102294.01000000,0.00098000,False
1738032750406501,4477561938,102294.01000000,0.00006000,False
1738032750406501,4477561939,102294.01000000,0.00006000,False
1738032750406501,4477561940,102294.01000000,0.00006000,False
1738032750406501,4477561941,102294.01000000,0.02113000,False
1738032750406501,4477561942,102294.01000000,0.00006000,False
1738032750406501,4477561943,102294.01000000,0.00007000,False
1738032750406501,4477561944,102294.05000000,0.00006000,False
1738032750406501,4477561945,102294.05000000,0.00006000,False
1738032750406501,4477561946,102294.06000000,0.00006000,False
1738032750406501,4477561947,102294.06000000,0.00006000,False
1738032750406501,4477561948,102294.07000000,0.00006000,False
1738032750406501,4477561949,102294.07000000,0.00006000,False
1738032750406501,4477561950,102294.08000000,0.00006000,False
1738032750406501,4477561951,102294.08000000,0.00006000,False
1738032750406501,4477561952,102294.09000000,0.00006000,False
1738032750406501,4477561953,102294.09000000,0.00006000,False
1738032750406501,4477561954,102294.09000000,0.00006000,False
1738032750406501,4477561955,102294.09000000,0.00006000,False
1738032750406501,4477561956,102294.09000000,0.00006000,False
1738032750406501,4477561957,102294.10000000,0.01955000,False
1738032750406501,4477561958,102294.10000000,0.00006000,False
1738032750409578,4477561959,102294.10000000,0.00006000,False
1738032750409578,4477561960,102294.10000000,0.00005000,False
1738032750409578,4477561961,102294.10000000,0.00005000,False
1738032750409578,4477561962,102294.10000000,0.00005000,False
1738032750409578,4477561963,102294.10000000,0.00005000,False
1738032750409578,4477561964,102294.10000000,0.00005000,False
1738032750409578,4477561965,102294.10000000,0.00005000,False
1738032750409578,4477561966,102294.10000000,0.00005000,False
1738032750409578,4477561967,102294.10000000,0.00005000,False
1738032750409578,4477561968,102294.10000000,0.00005000,False
1738032750409578,4477561969,102294.10000000,0.00005000,False
1738032750416765,4477561970,102294.82000000,0.00006000,False
1738032750416765,4477561971,102294.82000000,0.00006000,False
1738032750416765,4477561972,102294.82000000,0.00006000,False
1738032750416765,4477561973,102294.82000000,0.00006000,False
1738032750416765,4477561974,102294.82000000,0.00006000,False
1738032750416765,4477561975,102294.82000000,0.00006000,False
1738032750416765,4477561976,102294.82000000,0.00006000,False
1738032750416765,4477561977,102294.82000000,0.00006000,False
1738032750416765,4477561978,102294.82000000,0.00006000,False
1738032750416765,4477561979,102294.82000000,0.00006000,False
1738032750416765,4477561980,102294.84000000,0.00005000,False
1738032750416765,4477561981,102294.84000000,0.00006000,False
1738032750416765,4477561982,102294.84000000,0.00006000,False
1738032750416765,4477561983,102295.06000000,0.00006000,False
1738032750416765,4477561984,102295.06000000,0.00006000,False
1738032750416765,4477561985,102295.07000000,0.00006000,False
1738032750416765,4477561986,102295.07000000,0.00006000,False
1738032750416765,4477561987,102295.08000000,0.00006000,False
1738032750416765,4477561988,102295.08000000,0.00006000,False
1738032750416765,4477561989,102295.85000000,0.00006000,False
1738032750416765,4477561990,102295.85000000,0.00006000,False
1738032750416765,4477561991,102295.85000000,0.00006000,False
1738032750416765,4477561992,102295.85000000,0.00006000,False
1738032750416765,4477561993,102295.85000000,0.00006000,False
1738032750416765,4477561994,102295.86000000,0.00005000,False
1738032750416765,4477561995,102295.86000000,0.00006000,False
1738032750416765,4477561996,102295.86000000,0.00006000,False
1738032750416765,4477561997,102295.86000000,0.00133000,False
1738032750416765,4477561998,102295.98000000,0.00006000,False
1738032750416765,4477561999,102295.98000000,0.00006000,False
1738032750416765,4477562000,102295.98000000,0.00012000,False
1738032750416765,4477562001,102295.99000000,0.00006000,False
1738032750416765,4477562002,102295.99000000,0.00006000,False
1738032750416765,4477562003,102297.90000000,0.00005000,False
1738032750416765,4477562004,102297.90000000,0.00006000,False
1738032750416765,4477562005,102297.90000000,0.00006000,False
1738032750416765,4477562006,102301.02000000,0.00006000,False
1738032750416765,4477562007,102301.02000000,0.00006000,False
1738032750416765,4477562008,102301.03000000,0.00006000,False
1738032750416765,4477562009,102301.03000000,0.00006000,False
1738032750416765,4477562010,102301.04000000,0.00005000,False
1738032750416765,4477562011,102301.04000000,0.00006000,False
1738032750416765,4477562012,102301.04000000,0.00006000,False
1738032750416765,4477562013,102301.30000000,0.00006000,False
1738032750416765,4477562014,102301.30000000,0.00006000,False
1738032750416765,4477562015,102301.30000000,0.00006000,False
1738032750416765,4477562016,102301.31000000,0.00097000,False
1738032750416765,4477562017,102301.31000000,0.00006000,False
1738032750416765,4477562018,102301.31000000,0.00006000,False
1738032750416765,4477562019,102301.32000000,0.00006000,False
1738032750416765,4477562020,102301.32000000,0.00006000,False
1738032750416765,4477562021,102301.32000000,0.00006000,False
1738032750416765,4477562022,102301.32000000,0.00006000,False
1738032750416765,4477562023,102301.32000000,0.00006000,False
1738032750416765,4477562024,102301.33000000,0.00758000,False
1738032750416765,4477562025,102303.20000000,0.00007000,False
1738032750416765,4477562026,102303.20000000,0.00007000,False
1738032750416765,4477562027,102303.20000000,0.00007000,False
1738032750416765,4477562028,102303.20000000,0.00007000,False
1738032750416765,4477562029,102303.99000000,0.00007000,False
1738032750416765,4477562030,102303.99000000,0.00007000,False
1738032750416765,4477562031,102303.99000000,0.00007000,False
1738032750416765,4477562032,102303.99000000,0.00007000,False
1738032750416765,4477562033,102305.93000000,0.00007000,False
1738032750416765,4477562034,102305.93000000,0.00007000,False
1738032750416765,4477562035,102305.93000000,0.00007000,False
1738032750416765,4477562036,102305.93000000,0.00007000,False
1738032750416765,4477562037,102305.93000000,0.00006000,False
1738032750416765,4477562038,102305.93000000,0.00006000,False
1738032750416765,4477562039,102305.93000000,0.00006000,False
1738032750973128,4477562040,102305.94000000,0.00156000,False
1738032751547545,4477562041,102305.94000000,0.00044000,False
1738032752078425,4477562042,102305.93000000,0.00121000,True
1738032752546352,4477562043,102305.93000000,0.17080000,True
1738032752546352,4477562044,102305.93000000,0.00997000,True
1738032752546352,4477562045,102305.93000000,0.01212000,True
1738032752546352,4477562046,102305.93000000,0.00711000,True
1738032752616930,4477562047,102305.94000000,0.00008000,False
1738032752707056,4477562048,102305.94000000,0.00020000,False
1738032752923765,4477562049,102305.93000000,0.01243000,True
1738032752923765,4477562050,102305.93000000,0.11581000,True
1738032753804108,4477562051,102305.93000000,0.01375000,True
1738032753858850,4477562052,102305.93000000,0.00030000,True
1738032754222109,4477562053,102305.93000000,0.00025000,True
1738032754410524,4477562054,102305.93000000,0.03040000,True
1738032754410529,4477562055,102305.93000000,0.12748000,True
1738032754410529,4477562056,102305.93000000,0.00008000,True
1738032754410529,4477562057,102305.93000000,0.00006000,True
1738032754410529,4477562058,102305.93000000,0.00006000,True
1738032754410529,4477562059,102305.93000000,0.00006000,True
1738032754410529,4477562060,102305.93000000,0.00006000,True
1738032754410529,4477562061,102305.93000000,0.00006000,True
1738032754410529,4477562062,102305.93000000,0.00006000,True
1738032754410529,4477562063,102305.93000000,0.00006000,True
1738032754410529,4477562064,102305.93000000,0.00006000,True
1738032754410529,4477562065,102305.93000000,0.00011000,True
1738032754410529,4477562066,102305.93000000,0.00005000,True
1738032754410529,4477562067,102305.93000000,0.00097000,True
1738032754410529,4477562068,102305.93000000,0.01954000,True
1738032754410529,4477562069,102305.93000000,0.24501000,True
1738032754410675,4477562070,102305.93000000,0.11649000,True
1738032754410675,4477562071,102305.93000000,0.01613000,True
1738032754410675,4477562072,102305.93000000,0.00006000,True
1738032754410675,4477562073,102305.93000000,0.00006000,True
1738032754410675,4477562074,102305.93000000,0.01452000,True
1738032754410675,4477562075,102305.93000000,0.00063000,True
1738032754410675,4477562076,102305.93000000,0.00006000,True
1738032754410675,4477562077,102305.93000000,0.00006000,True
1738032754410675,4477562078,102305.93000000,0.00006000,True
1738032754410675,4477562079,102305.93000000,0.00006000,True
1738032754410675,4477562080,102305.93000000,0.00006000,True
1738032754410675,4477562081,102305.93000000,0.00006000,True
1738032754410675,4477562082,102305.93000000,0.00006000,True
1738032754410690,4477562083,102305.92000000,0.00006000,True
1738032754410690,4477562084,102305.92000000,0.00006000,True
1738032754410690,4477562085,102305.76000000,0.00006000,True
1738032754410690,4477562086,102305.76000000,0.00006000,True
1738032754410690,4477562087,102305.06000000,0.00006000,True
1738032754410690,4477562088,102305.06000000,0.00006000,True
1738032754410690,4477562089,102305.06000000,0.00006000,True
1738032754410690,4477562090,102305.05000000,0.00006000,True
1738032754410690,4477562091,102305.05000000,0.00006000,True
1738032754410690,4477562092,102305.05000000,0.00084000,True
1738032754410690,4477562093,102304.95000000,0.00005000,True
1738032754410690,4477562094,102304.95000000,0.00006000,True
1738032754410690,4477562095,102304.95000000,0.00006000,True
1738032754410690,4477562096,102304.16000000,0.00006000,True
1738032754410690,4477562097,102304.16000000,0.00006000,True
1738032754410690,4477562098,102304.16000000,0.00006000,True
1738032754410690,4477562099,102304.15000000,0.00006000,True
1738032754410690,4477562100,102304.15000000,0.00006000,True
1738032754410690,4477562101,102304.15000000,0.00158000,True
1738032754410690,4477562102,102304.14000000,0.00006000,True
1738032754410690,4477562103,102304.14000000,0.00006000,True
1738032754410690,4477562104,102304.13000000,0.00006000,True
1738032754410690,4477562105,102304.13000000,0.00006000,True
1738032754410690,4477562106,102304.03000000,0.00006000,True
1738032754410690,4477562107,102304.03000000,0.00006000,True
1738032754410690,4477562108,102304.02000000,0.00006000,True
1738032754410690,4477562109,102304.02000000,0.00006000,True
1738032754410690,4477562110,102304.01000000,0.00006000,True
1738032754410690,4477562111,102304.01000000,0.00006000,True
1738032754410690,4477562112,102304.00000000,0.00006000,True
1738032754410690,4477562113,102304.00000000,0.00006000,True
1738032754410690,4477562114,102303.99000000,0.00006000,True
1738032754410690,4477562115,102303.99000000,0.00006000,True
1738032754410690,4477562116,102303.29000000,0.00005000,True
1738032754410690,4477562117,102302.33000000,0.00006000,True
1738032754410690,4477562118,102302.32000000,0.02129000,True
1738032754411610,4477562119,102302.32000000,0.00150000,True
1738032754411610,4477562120,102302.01000000,0.00006000,True
1738032754411610,4477562121,102298.21000000,0.00759000,True
1738032754411610,4477562122,102297.90000000,0.00759000,True
1738032754411610,4477562123,102296.42000000,0.08000000,True
1738032754411610,4477562124,102296.04000000,0.04861000,True
1738032754411649,4477562125,102296.04000000,0.02657000,True
1738032754412002,4477562126,102296.04000000,0.16721000,True
1738032754412002,4477562127,102296.03000000,0.14593000,True
1738032754412002,4477562128,102295.96000000,0.00005000,True
1738032754412002,4477562129,102295.69000000,0.00300000,True
1738032754412002,4477562130,102294.81000000,0.00048000,True
1738032754412002,4477562131,102294.81000000,0.00005000,True
1738032754412002,4477562132,102294.81000000,0.15021000,True
1738032754412076,4477562133,102294.81000000,0.04940000,True
1738032754412076,4477562134,102294.81000000,0.06629000,True
1738032754412267,4477562135,102294.81000000,0.01936000,True
1738032754412301,4477562136,102294.81000000,0.09729000,True
1738032754412301,4477562137,102294.81000000,0.00098000,True
1738032754412301,4477562138,102294.81000000,0.01742000,True
1738032754412397,4477562139,102294.81000000,0.02738000,True
1738032754412397,4477562140,102294.22000000,0.04046000,True
1738032754412404,4477562141,102294.22000000,0.10572000,True
1738032754412404,4477562142,102293.50000000,0.00758000,True
1738032754412404,4477562143,102293.14000000,0.01433000,True
1738032754412421,4477562144,102293.14000000,0.01748000,True
1738032754412826,4477562145,102293.14000000,0.01704000,True
1738032754412826,4477562146,102293.11000000,0.00005000,True
1738032754412826,4477562147,102293.02000000,0.00080000,True
1738032754412826,4477562148,102292.94000000,0.00005000,True
1738032754412826,4477562149,102292.40000000,0.00011000,True
1738032754412826,4477562150,102292.16000000,0.00640000,True
1738032754413041,4477562151,102292.16000000,0.03068000,True
1738032754413052,4477562152,102292.16000000,0.02039000,True
1738032754413052,4477562153,102292.16000000,0.02221000,True
1738032754413371,4477562154,102292.16000000,0.04417000,True
1738032754413371,4477562155,102291.85000000,0.00048000,True
1738032754415047,4477562156,102291.85000000,0.00030000,True
1738032754415047,4477562157,102291.20000000,0.00010000,True
1738032754415047,4477562158,102290.88000000,0.00005000,True
1738032754415047,4477562159,102290.30000000,0.00008000,True
1738032754415047,4477562160,102290.20000000,0.00076000,True
1738032754415047,4477562161,102290.02000000,0.02339000,True
1738032754416309,4477562162,102290.02000000,0.00525000,True
1738032754416529,4477562163,102290.02000000,0.01001000,True
1738032754419958,4477562164,102291.88000000,0.00006000,True
1738032754419958,4477562165,102291.88000000,0.00006000,True
1738032754419958,4477562166,102291.85000000,0.00006000,True
1738032754419958,4477562167,102291.85000000,0.00006000,True
1738032754419958,4477562168,102291.79000000,0.00005000,True
1738032754419958,4477562169,102291.20000000,0.00006000,True
1738032754419958,4477562170,102291.20000000,0.00006000,True
1738032754419958,4477562171,102290.88000000,0.00006000,True
1738032754419958,4477562172,102290.88000000,0.00006000,True
1738032754419958,4477562173,102290.88000000,0.00006000,True
1738032754419958,4477562174,102290.30000000,0.00006000,True
1738032754419958,4477562175,102290.30000000,0.00006000,True
1738032754419958,4477562176,102290.20000000,0.00006000,True
1738032754419958,4477562177,102290.20000000,0.00006000,True
1738032754419958,4477562178,102290.02000000,0.01022000,True
1738032754419958,4477562179,102290.02000000,0.00006000,True
1738032754419958,4477562180,102289.76000000,0.00005000,True
1738032754419958,4477562181,102289.09000000,0.00006000,True
1738032754419958,4477562182,102289.09000000,0.00006000,True
1738032754419958,4477562183,102288.00000000,0.00006000,True
1738032754419958,4477562184,102288.00000000,0.00006000,True
1738032754419958,4477562185,102287.29000000,0.02860000,True
1738032754435681,4477562186,102287.30000000,0.00006000,True
1738032754435681,4477562187,102287.30000000,0.00006000,True
1738032754435681,4477562188,102287.30000000,0.00006000,True
1738032754435681,4477562189,102287.30000000,0.12182000,True
1738032754465152,4477562190,102287.30000000,0.00024000,True
1738032754465152,4477562191,102287.30000000,0.00006000,True
1738032754465152,4477562192,102287.30000000,0.00006000,True
1738032754465152,4477562193,102287.30000000,0.00006000,True
1738032754465152,4477562194,102287.30000000,0.00006000,True
1738032754465152,4477562195,102287.30000000,0.00006000,True
1738032754465152,4477562196,102287.30000000,0.00006000,True
1738032754465152,4477562197,102287.30000000,0.00006000,True
1738032754465152,4477562198,102287.30000000,0.00006000,True
1738032754465152,4477562199,102287.30000000,0.02910000,True
1738032754465152,4477562200,102287.30000000,0.05618000,True
1738032754542797,4477562201,102287.31000000,0.00044000,False
1738032755094728,4477562202,102287.31000000,0.00065000,False
1738033490259323,4477607037,102220.01000000,0.00036000,False
1738033490314768,4477607038,102220.01000000,0.00099000,False
1738033490358872,4477607039,102220.00000000,0.00079000,True
1738033490657562,4477607040,102220.00000000,0.01300000,True
1738033490969796,4477607041,102220.01000000,0.00011000,False
1738033491027440,4477607042,102220.00000000,0.01300000,True
1738033492219935,4477607043,102220.00000000,0.00180000,True
1738033492316609,4477607044,102220.00000000,0.00011000,True
1738033492439559,4477607045,102220.01000000,0.00041000,False
1738033493379071,4477607046,102220.01000000,0.00317000,False
1738033493590198,4477607047,102220.00000000,0.00351000,True
1738033493719827,4477607048,102220.00000000,0.00088000,True
1738033494945327,4477607049,102220.00000000,0.01956000,True
1738033495613130,4477607050,102220.01000000,0.00048000,False
1738033496487105,4477607051,102220.00000000,0.00165000,True
1738033497193876,4477607052,102220.01000000,0.00020000,False
1738033497659865,4477607053,102220.01000000,0.00016000,False
1738033497660994,4477607054,102220.00000000,0.00048000,True
1738033497827132,4477607055,102220.00000000,0.00007000,True
1738033498667742,4477607056,102220.01000000,0.00008000,False
1738033500193461,4477607057,102220.00000000,0.00009000,True
1738033500311204,4477607058,102220.01000000,0.00039000,False
1738033500311204,4477607059,102220.01000000,0.00006000,False
1738033500311204,4477607060,102220.01000000,0.00006000,False
1738033500311204,4477607061,102220.01000000,0.00014000,False
1738033500311204,4477607062,102220.01000000,0.01956000,False
1738033500311204,4477607063,102220.01000000,0.00012000,False
1738033500311204,4477607064,102220.01000000,0.00006000,False
1738033500311204,4477607065,102220.01000000,0.00504000,False
1738033500311204,4477607066,102220.01000000,0.00593000,False
1738033500311204,4477607067,102220.01000000,0.00247000,False
1738033500311204,4477607068,102220.01000000,0.00006000,False
1738033500311204,4477607069,102220.01000000,0.00006000,False
1738033500311204,4477607070,102220.01000000,0.00006000,False
1738033500311204,4477607071,102220.01000000,0.00006000,False
1738033500311204,4477607072,102220.01000000,0.00006000,False
1738033500311204,4477607073,102220.01000000,0.00077000,False
1738033500311204,4477607074,102220.01000000,0.00078000,False
1738033500311204,4477607075,102220.01000000,0.00006000,False
1738033500311204,4477607076,102220.01000000,0.00012000,False
1738033500311204,4477607077,102220.01000000,0.00197000,False
1738033500311204,4477607078,102220.01000000,0.00046000,False
1738033500311204,4477607079,102220.01000000,0.00489000,False
1738033500311204,4477607080,102220.06000000,0.00006000,False
1738033500313417,4477607081,102220.41000000,0.00006000,False
1738033500314065,4477607082,102220.43000000,0.00006000,False
1738033500317376,4477607083,102220.47000000,0.00006000,False
1738033500317376,4477607084,102220.47000000,0.00005000,False
1738033500317376,4477607085,102220.47000000,0.00006000,False
1738033500317376,4477607086,102220.47000000,0.00006000,False
1738033500317376,4477607087,102220.47000000,0.00006000,False
1738033500317376,4477607088,102220.47000000,0.00006000,False
1738033500317376,4477607089,102220.47000000,0.00006000,False
1738033500317376,4477607090,102220.47000000,0.00006000,False
1738033500317376,4477607091,102220.47000000,0.00006000,False
1738033500317376,4477607092,102220.47000000,0.00006000,False
1738033500317376,4477607093,102220.47000000,0.00005000,False
1738033500317376,4477607094,102220.47000000,0.00005000,False
1738033500317376,4477607095,102220.47000000,0.00001000,False
1738033500320856,4477607096,102220.47000000,0.00004000,False
1738033500320856,4477607097,102220.47000000,0.00024000,False
1738033500320856,4477607098,102220.47000000,0.00005000,False
1738033500320856,4477607099,102220.47000000,0.00005000,False
1738033500320856,4477607100,102220.47000000,0.00005000,False
1738033500320856,4477607101,102220.47000000,0.00005000,False
1738033500320856,4477607102,102220.47000000,0.00005000,False
1738033500320856,4477607103,102220.47000000,0.00005000,False
1738033500320856,4477607104,102220.66000000,0.00006000,False
1738033500320856,4477607105,102220.66000000,0.00005000,False
1738033500320856,4477607106,102220.67000000,0.00006000,False
1738033500320856,4477607107,102220.95000000,0.00006000,False
1738033500320856,4477607108,102220.96000000,0.00006000,False
1738033500320856,4477607109,102221.07000000,0.00006000,False
1738033500320856,4477607110,102221.16000000,0.00006000,False
1738033500320856,4477607111,102221.20000000,0.00006000,False
1738033500320856,4477607112,102221.36000000,0.00006000,False
1738033500320856,4477607113,102221.45000000,0.00006000,False
1738033500320856,4477607114,102221.45000000,0.00005000,False
1738033500338542,4477607115,102221.82000000,0.00004000,True
1738033500349752,4477607116,102221.83000000,0.00006000,False
1738033500349752,4477607117,102221.83000000,0.00006000,False
1738033500349752,4477607118,102221.83000000,0.00006000,False
1738033500349752,4477607119,102221.83000000,0.00006000,False
1738033500349752,4477607120,102221.83000000,0.00024000,False
1738033500349752,4477607121,102221.83000000,0.00006000,False
1738033500349752,4477607122,102221.83000000,0.00006000,False
1738033500349752,4477607123,102221.83000000,0.00001000,False
1738033500394711,4477607124,102221.83000000,0.00004000,False
1738033500394711,4477607125,102221.83000000,0.00006000,False
1738033500394711,4477607126,102221.83000000,0.00006000,False
1738033500394711,4477607127,102221.83000000,0.00006000,False
1738033500394711,4477607128,102221.83000000,0.00006000,False
1738033500394711,4477607129,102221.83000000,0.00006000,False
1738033500394711,4477607130,102221.83000000,0.00006000,False
1738033500394711,4477607131,102221.83000000,0.00006000,False
1738033500394711,4477607132,102221.83000000,0.00006000,False
1738033500394711,4477607133,102221.83000000,0.00006000,False
1738033500394711,4477607134,102221.83000000,0.00005000,False
1738033500394711,4477607135,102221.83000000,0.00012000,False
1738033500394711,4477607136,102221.83000000,0.00005000,False
1738033500394711,4477607137,102221.83000000,0.00005000,False
1738033500394711,4477607138,102221.83000000,0.00005000,False
1738033500394711,4477607139,102221.83000000,0.00005000,False
1738033500394711,4477607140,102221.83000000,0.00005000,False
1738033500394711,4477607141,102221.83000000,0.00005000,False
1738033500394711,4477607142,102221.83000000,0.00005000,False
1738033500394711,4477607143,102221.83000000,0.00005000,False
1738033500394711,4477607144,102221.83000000,0.00005000,False
1738033500394711,4477607145,102221.83000000,0.00005000,False
1738033500394711,4477607146,102221.83000000,0.00005000,False
1738033500394711,4477607147,102221.83000000,0.00005000,False
1738033500394711,4477607148,102221.83000000,0.00005000,False
1738033500394711,4477607149,102221.83000000,0.00005000,False
1738033500394711,4477607150,102221.83000000,0.00005000,False
1738033500394711,4477607151,102221.83000000,0.00005000,False
1738033500394711,4477607152,102221.83000000,0.00005000,False
1738033500394711,4477607153,102221.83000000,0.00005000,False
1738033500394711,4477607154,102221.92000000,0.00006000,False
1738033500397167,4477607155,102222.39000000,0.00100000,False
1738033500397167,4477607156,102222.39000000,0.00006000,False
1738033500398115,4477607157,102222.47000000,0.00006000,False
1738033500398115,4477607158,102222.48000000,0.00070000,False
1738033500398115,4477607159,102222.48000000,0.00006000,False
1738033500398115,4477607160,102222.68000000,0.00054000,False
1738033500398115,4477607161,102222.68000000,0.00006000,False
1738033500398487,4477607162,102223.49000000,0.00006000,False
1738033500398487,4477607163,102223.75000000,0.00040000,False
1738033500399397,4477607164,102223.75000000,0.00718000,False
1738033500399397,4477607165,102223.75000000,0.00006000,False
1738033500421123,4477607166,102224.51000000,0.00006000,False
1738033500421123,4477607167,102224.51000000,0.00006000,False
1738033500421123,4477607168,102224.51000000,0.00006000,False
1738033500421123,4477607169,102224.51000000,0.00006000,False
1738033500421123,4477607170,102224.51000000,0.00006000,False
1738033500421123,4477607171,102224.51000000,0.00006000,False
1738033500421123,4477607172,102224.51000000,0.00006000,False
1738033500421123,4477607173,102224.51000000,0.00006000,False
1738033500421123,4477607174,102224.51000000,0.00005000,False
1738033500421123,4477607175,102224.51000000,0.00006000,False
1738033500421123,4477607176,102224.51000000,0.00005000,False
1738033500421123,4477607177,102224.51000000,0.00005000,False
1738033500421123,4477607178,102224.51000000,0.00005000,False
1738033500421123,4477607179,102224.51000000,0.00005000,False
1738033500421123,4477607180,102224.51000000,0.00005000,False
1738033500421123,4477607181,102224.51000000,0.00005000,False
1738033500421123,4477607182,102224.51000000,0.00005000,False
1738033500421123,4477607183,102224.51000000,0.00005000,False
1738033500421123,4477607184,102224.51000000,0.00005000,False
1738033500424270,4477607185,102225.75000000,0.00006000,False
1738033500424270,4477607186,102225.75000000,0.00006000,False
1738033500424270,4477607187,102225.75000000,0.00006000,False
1738033500424270,4477607188,102225.75000000,0.00006000,False
1738033500424270,4477607189,102225.75000000,0.00006000,False
1738033500424270,4477607190,102225.75000000,0.00006000,False
1738033500424270,4477607191,102225.76000000,0.00011000,False
1738033500424270,4477607192,102225.76000000,0.00006000,False
1738033500424270,4477607193,102226.55000000,0.00006000,False
1738033500424270,4477607194,102227.06000000,0.00046000,False
1738033500424270,4477607195,102227.06000000,0.00016000,False
1738033500424270,4477607196,102227.06000000,0.00047000,False
1738033500424270,4477607197,102227.06000000,0.00006000,False
1738033500424270,4477607198,102227.57000000,0.00006000,False
1738033500424270,4477607199,102227.99000000,0.00006000,False
1738033500424270,4477607200,102228.00000000,0.00400000,False
1738033500424270,4477607201,102228.00000000,0.00300000,False
1738033500424270,4477607202,102228.00000000,0.00006000,False
1738033500424270,4477607203,102228.10000000,0.00030000,False
1738033500424270,4477607204,102228.10000000,0.00006000,False
1738033500424270,4477607205,102228.11000000,0.00023000,False
1738033500424270,4477607206,102228.11000000,0.00006000,False
1738033500428128,4477607207,102228.90000000,0.00500000,False
1738033500428128,4477607208,102228.90000000,0.00006000,False
1738033500452819,4477607209,102229.92000000,0.00006000,False
1738033500452819,4477607210,102229.92000000,0.00006000,False
1738033500452819,4477607211,102229.92000000,0.00006000,False
1738033500452819,4477607212,102229.92000000,0.00006000,False
1738033500452819,4477607213,102229.92000000,0.00006000,False
1738033500452819,4477607214,102229.92000000,0.00006000,False
1738033500452819,4477607215,102229.92000000,0.00006000,False
1738033500452819,4477607216,102229.92000000,0.00005000,False
1738033500452819,4477607217,102229.92000000,0.00006000,False
1738033500452819,4477607218,102229.92000000,0.00006000,False
1738033500452819,4477607219,102229.92000000,0.00005000,False
1738033500452819,4477607220,102229.92000000,0.00005000,False
1738033500452819,4477607221,102229.92000000,0.00005000,False
1738033500452819,4477607222,102229.92000000,0.00005000,False
1738033500452819,4477607223,102229.92000000,0.00005000,False
1738033500452819,4477607224,102229.92000000,0.00005000,False
1738033500452819,4477607225,102229.92000000,0.00005000,False
1738033500452819,4477607226,102229.92000000,0.00005000,False
1738033500452819,4477607227,102229.92000000,0.00005000,False
1738033500452819,4477607228,102230.26000000,0.00005000,False
1738033500452819,4477607229,102230.26000000,0.00006000,False
1738033500452819,4477607230,102230.26000000,0.00005000,False
1738033500452819,4477607231,102230.26000000,0.00005000,False
1738033500452819,4477607232,102230.26000000,0.00005000,False
1738033500452819,4477607233,102230.26000000,0.00005000,False
1738033500452819,4477607234,102230.26000000,0.00005000,False
1738033500452819,4477607235,102230.26000000,0.00005000,False
1738033500452819,4477607236,102230.26000000,0.00005000,False
1738033500452819,4477607237,102230.26000000,0.00005000,False
1738033500452819,4477607238,102230.26000000,0.00005000,False
1738033500452819,4477607239,102230.65000000,0.00006000,False
1738033500452819,4477607240,102230.74000000,0.00007000,False
1738033500452819,4477607241,102230.74000000,0.00007000,False
1738033500452819,4477607242,102230.74000000,0.00006000,False
1738033500452819,4477607243,102230.75000000,0.00007000,False
1738033500452819,4477607244,102230.75000000,0.00007000,False
1738033500452819,4477607245,102230.75000000,0.00006000,False
1738033500551952,4477607246,102230.76000000,0.00006000,False
1738033500551952,4477607247,102230.76000000,0.00006000,False
1738033500551952,4477607248,102230.76000000,0.00006000,False
1738033500551952,4477607249,102230.76000000,0.00006000,False
1738033500551952,4477607250,102230.76000000,0.00006000,False
1738033500551952,4477607251,102230.76000000,0.00006000,False
1738033500551952,4477607252,102230.76000000,0.00006000,False
1738033500551952,4477607253,102230.76000000,0.00006000,False
1738033500551952,4477607254,102230.76000000,0.00006000,False
1738033500551952,4477607255,102230.76000000,0.00005000,False
1738033500551952,4477607256,102230.76000000,0.00005000,False
1738033500551952,4477607257,102230.76000000,0.00005000,False
1738033500551952,4477607258,102230.76000000,0.00005000,False
1738033500551952,4477607259,102230.76000000,0.00005000,False
1738033500551952,4477607260,102230.76000000,0.00005000,False
1738033500551952,4477607261,102230.76000000,0.00005000,False
1738033500551952,4477607262,102230.76000000,0.00005000,False
1738033500551952,4477607263,102230.76000000,0.00005000,False
1738033500551952,4477607264,102230.76000000,0.00005000,False
1738033500551952,4477607265,102230.77000000,0.00010000,False
1738033500551952,4477607266,102230.77000000,0.00006000,False
1738033500551952,4477607267,102231.37000000,0.00006000,False
1738033500551952,4477607268,102231.51000000,0.00006000,False
1738033500551952,4477607269,102231.54000000,0.00012000,False
1738033500551952,4477607270,102231.54000000,0.00006000,False
1738033500551952,4477607271,102231.64000000,0.00005000,False
1738033500551952,4477607272,102231.64000000,0.00006000,False
1738033500551952,4477607273,102231.87000000,0.00006000,False
1738033500551952,4477607274,102232.00000000,0.00400000,False
1738033500551952,4477607275,102232.00000000,0.00300000,False
1738033500551952,4477607276,102232.00000000,0.00006000,False
1738033500551952,4477607277,102232.39000000,0.00006000,False
1738033500551952,4477607278,102232.96000000,0.00025000,False
1738033500551952,4477607279,102232.96000000,0.00006000,False
1738033500551952,4477607280,102233.12000000,0.00546000,False
1738033500551952,4477607281,102233.12000000,0.00006000,False
1738033500551952,4477607282,102233.47000000,0.00010000,False
1738033500551952,4477607283,102233.47000000,0.00006000,False
1738033500551952,4477607284,102233.55000000,0.00006000,False
1738033500551952,4477607285,102233.67000000,0.00006000,False
1738033500551952,4477607286,102234.04000000,0.00006000,False
1738033500551952,4477607287,102234.48000000,0.00024000,False
1738033500551952,4477607288,102234.70000000,0.00005000,False
1738033500551952,4477607289,102235.42000000,0.09068000,False
1738033500551952,4477607290,102235.42000000,0.00005000,False
1738033500551952,4477607291,102235.42000000,0.00005000,False
1738033500551952,4477607292,102235.42000000,0.00005000,False
1738033500551952,4477607293,102235.42000000,0.00005000,False
1738033500551952,4477607294,102235.42000000,0.00005000,False
1738033500551952,4477607295,102235.42000000,0.00005000,False
1738033500551952,4477607296,102235.42000000,0.00005000,False
1738033500551952,4477607297,102235.42000000,0.00005000,False
1738033500551952,4477607298,102235.42000000,0.00005000,False
1738033500551952,4477607299,102235.42000000,0.00005000,False
1738033500743873,4477607300,102235.57000000,0.00063000,True
1738033500819095,4477607301,102235.57000000,0.00071000,True
1738033500859546,4477607302,102235.57000000,0.00011000,True
1738033500878313,4477607303,102235.57000000,0.00096000,True
1738033501552598,4477607304,102235.58000000,0.00005000,False
1738033501552598,4477607305,102235.58000000,0.00005000,False
1738033501893453,4477607306,102235.57000000,0.00035000,True
1738033502141171,4477607307,102235.57000000,0.00186000,True
1738033502319366,4477607308,102235.57000000,0.00006000,True
1738033502319366,4477607309,102235.57000000,0.01294000,True
1738033502406826,4477607310,102235.58000000,0.00001000,False
1738033502406826,4477607311,102235.58000000,0.00099000,False
1738033502574386,4477607312,102235.57000000,0.00097000,True
1738033502574386,4477607313,102235.57000000,0.00006000,True
1738033502574386,4477607314,102235.57000000,0.00005000,True
1738033502574386,4477607315,102235.57000000,0.00012000,True
1738033502574386,4477607316,102235.57000000,0.00006000,True
1738033502574386,4477607317,102235.57000000,0.00756000,True
1738033502574386,4477607318,102235.57000000,0.00011000,True
1738033502574386,4477607319,102235.57000000,0.00006000,True
1738033502574386,4477607320,102235.57000000,0.00006000,True
1738033502574386,4477607321,102235.57000000,0.00675000,True
1738033502876364,4477607322,102235.57000000,0.00019000,True
1738033503088805,4477607323,102235.57000000,0.01262000,True
1738033503088805,4477607324,102235.57000000,0.02142000,True
1738033503904532,4477607325,102235.57000000,0.03309000,True
1738033503904532,4477607326,102235.57000000,0.00006000,True
1738033503904532,4477607327,102235.57000000,0.00006000,True
1738033503904532,4477607328,102235.57000000,0.00006000,True
1738033503904532,4477607329,102235.57000000,0.00006000,True
1738033503904532,4477607330,102235.57000000,0.00006000,True
1738033503904532,4477607331,102235.57000000,0.00005000,True
1738033503904532,4477607332,102235.57000000,0.00006000,True
1738033503904532,4477607333,102235.57000000,0.00005000,True
1738033503904532,4477607334,102235.57000000,0.00006000,True
1738033503904532,4477607335,102235.57000000,0.00006000,True
1738033503904532,4477607336,102235.57000000,0.00006000,True
1738033503904532,4477607337,102235.57000000,0.00006000,True
1738033503904532,4477607338,102235.57000000,0.00097000,True
1738033503904532,4477607339,102235.57000000,0.00011000,True
1738033503904532,4477607340,102235.57000000,0.00012000,True
1738033503904532,4477607341,102235.57000000,0.00655000,True
1738033503904532,4477607342,102235.57000000,0.01956000,True
1738033503904532,4477607343,102235.57000000,0.00005000,True
1738033503904532,4477607344,102235.57000000,0.00005000,True
1738033503904532,4477607345,102235.57000000,0.00005000,True
1738033503904532,4477607346,102235.57000000,0.00005000,True
1738033503904532,4477607347,102235.57000000,0.00005000,True
1738033503904532,4477607348,102235.57000000,0.00005000,True
1738033503904532,4477607349,102235.57000000,0.00005000,True
1738033503904532,4477607350,102235.57000000,0.00005000,True
1738033503904532,4477607351,102235.57000000,0.00005000,True
1738033503904532,4477607352,102235.56000000,0.00006000,True
1738033503904532,4477607353,102235.56000000,0.00006000,True
1738033503904532,4477607354,102235.56000000,0.00006000,True
1738033503904532,4477607355,102235.56000000,0.00006000,True
1738033503904532,4477607356,102235.56000000,0.00006000,True
1738033503904532,4477607357,102235.55000000,0.01000000,True
1738033503904532,4477607358,102235.55000000,0.00006000,True
1738033503904532,4477607359,102235.55000000,0.00006000,True
1738033503904532,4477607360,102235.49000000,0.00006000,True
1738033503904532,4477607361,102235.49000000,0.00006000,True
1738033503904532,4477607362,102235.48000000,0.00006000,True
1738033503904532,4477607363,102235.48000000,0.00006000,True
1738033503904532,4477607364,102235.47000000,0.00006000,True
1738033503904532,4477607365,102235.47000000,0.00006000,True
1738033503904532,4477607366,102235.46000000,0.00006000,True
1738033503904532,4477607367,102235.46000000,0.00006000,True
1738033503904532,4477607368,102235.45000000,0.00006000,True
1738033503904532,4477607369,102235.45000000,0.00006000,True
1738033503904532,4477607370,102235.41000000,0.00006000,True
1738033503904532,4477607371,102235.41000000,0.00006000,True
1738033503904532,4477607372,102235.41000000,0.00006000,True
1738033503904532,4477607373,102235.41000000,0.00006000,True
1738033503904532,4477607374,102235.41000000,0.00006000,True
1738033503904532,4477607375,102235.40000000,0.00713000,True
1738033503905120,4477607376,102235.40000000,0.04287000,True
1738033503905120,4477607377,102235.40000000,0.00006000,True
1738033503905120,4477607378,102235.40000000,0.00006000,True
1738033503905328,4477607379,102234.63000000,0.00005000,True
1738033503905328,4477607380,102234.63000000,0.00006000,True
1738033503905328,4477607381,102234.63000000,0.00006000,True
1738033503905328,4477607382,102234.47000000,0.00006000,True
1738033503905328,4477607383,102234.47000000,0.00006000,True
1738033503905328,4477607384,102234.13000000,0.00006000,True
1738033503905328,4477607385,102234.13000000,0.00006000,True
1738033503905328,4477607386,102234.03000000,0.00006000,True
1738033503905328,4477607387,102234.03000000,0.00006000,True
1738033503905328,4477607388,102234.02000000,0.00006000,True
1738033503905328,4477607389,102234.02000000,0.00006000,True
1738033503905328,4477607390,102234.00000000,0.00005000,True
1738033503905328,4477607391,102234.00000000,0.00005000,True
1738033503905328,4477607392,102234.00000000,0.00005000,True
1738033503905328,4477607393,102234.00000000,0.00005000,True
1738033503905328,4477607394,102234.00000000,0.00005000,True
1738033503905328,4477607395,102234.00000000,0.00005000,True
1738033503905328,4477607396,102234.00000000,0.00005000,True
1738033503905328,4477607397,102234.00000000,0.00005000,True
1738033503905328,4477607398,102234.00000000,0.00005000,True
1738033503905328,4477607399,102234.00000000,0.00005000,True
1738033503905354,4477607400,102233.91000000,0.00760000,True
1738033503905354,4477607401,102233.54000000,0.00006000,True
1738033503905354,4477607402,102233.54000000,0.00006000,True
1738033503905354,4477607403,102233.54000000,0.00006000,True
1738033503905605,4477607404,102233.00000000,0.00005000,True
1738033503910012,4477607405,102233.00000000,0.00006000,True
1738033503910012,4477607406,102232.58000000,0.00005000,True
1738033503910012,4477607407,102232.58000000,0.00005000,True
1738033503910012,4477607408,102232.58000000,0.00005000,True
1738033503910012,4477607409,102232.58000000,0.00005000,True
1738033503910012,4477607410,102232.58000000,0.00005000,True
1738033503910012,4477607411,102232.58000000,0.00005000,True
1738033503910012,4477607412,102232.58000000,0.00005000,True
1738033503910012,4477607413,102232.58000000,0.00005000,True
1738033503910012,4477607414,102232.58000000,0.00005000,True
1738033503910012,4477607415,102232.58000000,0.00005000,True
1738033503910012,4477607416,102231.68000000,0.00006000,True
1738033503910012,4477607417,102231.68000000,0.00006000,True
1738033503910012,4477607418,102231.68000000,0.00006000,True
1738033503917292,4477607419,102231.67000000,0.00006000,True
1738033503917292,4477607420,102231.67000000,0.00006000,True
1738033503917292,4477607421,102231.67000000,0.00006000,True
1738033503917292,4477607422,102231.67000000,0.00006000,True
1738033503917292,4477607423,102231.67000000,0.00006000,True
1738033503917292,4477607424,102231.67000000,0.00006000,True
1738033503917292,4477607425,102231.67000000,0.00006000,True
1738033503917292,4477607426,102231.67000000,0.00006000,True
1738033503917292,4477607427,102231.67000000,0.00006000,True
1738033503917292,4477607428,102231.67000000,0.00006000,True
1738033503917292,4477607429,102231.67000000,0.00005000,True
1738033503917292,4477607430,102231.67000000,0.00005000,True
1738033503917292,4477607431,102231.67000000,0.00005000,True
1738033503917292,4477607432,102231.67000000,0.00005000,True
1738033503917292,4477607433,102231.67000000,0.00005000,True
1738033503917292,4477607434,102231.67000000,0.00005000,True
1738033503917292,4477607435,102231.67000000,0.00005000,True
1738033503917292,4477607436,102231.67000000,0.00005000,True
1738033503917292,4477607437,102231.67000000,0.00005000,True
1738033503917292,4477607438,102231.67000000,0.00005000,True
1738033503917292,4477607439,102231.65000000,0.00005000,True
1738033503917292,4477607440,102230.39000000,0.00006000,True
1738033503917292,4477607441,102230.39000000,0.00006000,True
1738033503917292,4477607442,102230.39000000,0.00006000,True
1738033503917292,4477607443,102230.38000000,0.00006000,True
1738033503917292,4477607444,102230.38000000,0.00006000,True
1738033503917292,4477607445,102230.00000000,0.00005000,True
1738033503917292,4477607446,102230.00000000,0.00005000,True
1738033503917292,4477607447,102230.00000000,0.00005000,True
1738033503917292,4477607448,102230.00000000,0.00005000,True
1738033503917292,4477607449,102230.00000000,0.00005000,True
1738033503917292,4477607450,102230.00000000,0.00005000,True
1738033503917292,4477607451,102230.00000000,0.00005000,True
1738033503917292,4477607452,102230.00000000,0.00005000,True
1738033503917292,4477607453,102230.00000000,0.00005000,True
1738033503917292,4477607454,102230.00000000,0.00005000,True
1738033503917292,4477607455,102229.91000000,0.01080000,True
1738033503917292,4477607456,102229.91000000,0.00006000,True
1738033503917292,4477607457,102229.91000000,0.00006000,True
1738033503917292,4477607458,102229.61000000,0.00005000,True
1738033503917292,4477607459,102228.96000000,0.00005000,True
1738033503917292,4477607460,102228.96000000,0.00003000,True
1738033503918004,4477607461,102228.96000000,0.00003000,True
1738033503918004,4477607462,102228.96000000,0.00006000,True
1738033503918004,4477607463,102228.00000000,0.00006000,True
1738033503918004,4477607464,102228.00000000,0.00006000,True
1738033503918004,4477607465,102226.99000000,0.00500000,True
1738033503918004,4477607466,102226.99000000,0.00006000,True
1738033503918004,4477607467,102226.99000000,0.00006000,True
1738033503918004,4477607468,102226.56000000,0.00005000,True
1738033503918004,4477607469,102226.47000000,0.00005000,True
1738033503918004,4477607470,102226.01000000,0.00097000,True
1738033503918004,4477607471,102226.00000000,0.00005000,True
1738033503918004,4477607472,102226.00000000,0.00006000,True
1738033503918004,4477607473,102226.00000000,0.00006000,True
1738033503918004,4477607474,102226.00000000,0.00005000,True
1738033503918004,4477607475,102226.00000000,0.00005000,True
1738033503918004,4477607476,102226.00000000,0.00005000,True
1738033503918004,4477607477,102226.00000000,0.00005000,True
1738033503918004,4477607478,102226.00000000,0.00005000,True
1738033503918004,4477607479,102226.00000000,0.00005000,True
1738033503918004,4477607480,102226.00000000,0.00005000,True
1738033503918004,4477607481,102226.00000000,0.00005000,True
1738033503918004,4477607482,102226.00000000,0.00005000,True
1738033503918004,4477607483,102225.84000000,0.00598000,True
1738033503919084,4477607484,102225.84000000,0.01300000,True
1738033503933869,4477607485,102225.84000000,0.00006000,True
1738033503933869,4477607486,102225.84000000,0.00006000,True
1738033503933869,4477607487,102225.84000000,0.00006000,True
1738033503933869,4477607488,102225.84000000,0.00006000,True
1738033503933869,4477607489,102225.84000000,0.00006000,True
1738033503933869,4477607490,102225.84000000,0.00006000,True
1738033503933869,4477607491,102225.84000000,0.00006000,True
1738033503933869,4477607492,102225.84000000,0.00006000,True
1738033503933869,4477607493,102225.84000000,0.00006000,True
1738033503933869,4477607494,102225.84000000,0.00006000,True
1738033503933869,4477607495,102225.84000000,0.00006000,True
1738033503933869,4477607496,102225.84000000,0.00006000,True
1738033503933869,4477607497,102225.84000000,0.00006000,True
1738033503933869,4477607498,102225.84000000,0.00005000,True
1738033503933869,4477607499,102225.84000000,0.00500000,True
1738033504213419,4477607500,102225.76000000,0.00011000,True
1738033504213419,4477607501,102225.76000000,0.00006000,True
1738033504213419,4477607502,102225.76000000,0.00006000,True
1738033504213419,4477607503,102225.76000000,0.00006000,True
1738033504213419,4477607504,102225.76000000,0.00006000,True
1738033504213419,4477607505,102225.76000000,0.00006000,True
1738033504213419,4477607506,102225.76000000,0.00006000,True
1738033504213419,4477607507,102225.76000000,0.00006000,True
1738033504213419,4477607508,102225.76000000,0.00757000,True
1738033504213419,4477607509,102225.76000000,0.00006000,True
1738033504213419,4477607510,102225.76000000,0.00453000,True
1738033504215292,4477607511,102225.76000000,0.01258000,True
1738033504238851,4477607512,102225.76000000,0.00012000,True
1738033504238851,4477607513,102225.76000000,0.00005000,True
1738033504238851,4477607514,102225.76000000,0.00006000,True
1738033504238851,4477607515,102225.76000000,0.00006000,True
1738033504238851,4477607516,102225.76000000,0.00011000,True
1738033504238851,4477607517,102225.76000000,0.00005000,True
1738033504238851,4477607518,102225.76000000,0.00006000,True
1738033504238851,4477607519,102225.76000000,0.00006000,True
1738033504238851,4477607520,102225.76000000,0.00006000,True
1738033504238851,4477607521,102225.76000000,0.00006000,True
1738033504238851,4477607522,102225.76000000,0.00006000,True
1738033504238851,4477607523,102225.76000000,0.00006000,True
1738033504238851,4477607524,102225.76000000,0.00006000,True
1738033504238851,4477607525,102225.76000000,0.00006000,True
1738033504238851,4477607526,102225.76000000,0.00005000,True
1738033504238851,4477607527,102225.76000000,0.00005000,True
1738033504238851,4477607528,102225.76000000,0.00005000,True
1738033504238851,4477607529,102225.76000000,0.00005000,True
1738033504238851,4477607530,102225.76000000,0.00005000,True
1738033504238851,4477607531,102225.76000000,0.00005000,True
1738033504238851,4477607532,102225.76000000,0.00005000,True
1738033504238851,4477607533,102225.76000000,0.00005000,True
1738033504238851,4477607534,102225.76000000,0.00005000,True
1738033504238851,4477607535,102225.72000000,0.00006000,True
1738033504238851,4477607536,102225.72000000,0.00006000,True
1738033504238851,4477607537,102225.35000000,0.00006000,True
1738033504238851,4477607538,102225.35000000,0.00006000,True
1738033504238851,4477607539,102225.35000000,0.00006000,True
1738033504238851,4477607540,102225.35000000,0.00006000,True
1738033504238851,4477607541,102225.35000000,0.00006000,True
1738033504238851,4477607542,102225.34000000,0.00300000,True
1738033504238851,4477607543,102225.34000000,0.00006000,True
1738033504238851,4477607544,102225.34000000,0.00006000,True
1738033504238851,4477607545,102224.52000000,0.00006000,True
1738033504238851,4477607546,102224.52000000,0.00006000,True
1738033504238851,4477607547,102224.52000000,0.00005000,True
1738033504238851,4477607548,102224.51000000,0.00006000,True
1738033504238851,4477607549,102224.51000000,0.00006000,True
1738033504238851,4477607550,102224.17000000,0.00005000,True
1738033504238851,4477607551,102224.17000000,0.00006000,True
1738033504238851,4477607552,102224.17000000,0.00006000,True
1738033504238851,4477607553,102223.50000000,0.00005000,True
1738033504238851,4477607554,102223.50000000,0.00006000,True
1738033504238851,4477607555,102223.50000000,0.00006000,True
1738033504238851,4477607556,102222.96000000,0.00006000,True
1738033504238851,4477607557,102222.96000000,0.00006000,True
1738033504238851,4477607558,102222.95000000,0.00006000,True
1738033504238851,4477607559,102222.95000000,0.00006000,True
1738033504238851,4477607560,102222.80000000,0.00006000,True
1738033504238851,4477607561,102222.80000000,0.00006000,True
1738033504238851,4477607562,102222.80000000,0.00006000,True
1738033504238851,4477607563,102222.80000000,0.00006000,True
1738033504238851,4477607564,102222.80000000,0.00006000,True
1738033504238851,4477607565,102222.79000000,0.00005000,True
1738033504238851,4477607566,102222.79000000,0.00006000,True
1738033504238851,4477607567,102222.79000000,0.00006000,True
1738033504238851,4477607568,102222.79000000,0.00005000,True
1738033504238851,4477607569,102222.79000000,0.00005000,True
1738033504238851,4477607570,102222.79000000,0.00005000,True
1738033504238851,4477607571,102222.79000000,0.00005000,True
1738033504238851,4477607572,102222.79000000,0.00005000,True
1738033504238851,4477607573,102222.79000000,0.00005000,True
1738033504238851,4477607574,102222.79000000,0.00005000,True
1738033504238851,4477607575,102222.79000000,0.00005000,True
1738033504238851,4477607576,102222.79000000,0.00005000,True
1738033504238851,4477607577,102222.79000000,0.00005000,True
1738033504238851,4477607578,102222.79000000,0.00005000,True
1738033504238851,4477607579,102222.79000000,0.00005000,True
1738033504238851,4477607580,102222.79000000,0.00005000,True
1738033504238851,4477607581,102222.79000000,0.00005000,True
1738033504238851,4477607582,102222.79000000,0.00005000,True
1738033504238851,4477607583,102222.79000000,0.00005000,True
1738033504238851,4477607584,102222.79000000,0.00005000,True
1738033504238851,4477607585,102222.79000000,0.00005000,True
1738033504238851,4477607586,102222.79000000,0.00005000,True
1738033504238851,4477607587,102222.78000000,0.00010000,True
1738033504238851,4477607588,102222.78000000,0.00006000,True
1738033504238851,4477607589,102222.78000000,0.00006000,True
1738033504238851,4477607590,102222.56000000,0.00006000,True
1738033504238851,4477607591,102222.56000000,0.00006000,True
1738033504238851,4477607592,102222.02000000,0.00006000,True
1738033504238851,4477607593,102222.02000000,0.00006000,True
1738033504238851,4477607594,102222.00000000,0.03420000,True
1738033504238851,4477607595,102222.00000000,0.00005000,True
1738033504238851,4477607596,102222.00000000,0.00005000,True
1738033504238851,4477607597,102222.00000000,0.00005000,True
1738033504238851,4477607598,102222.00000000,0.00005000,True
1738033504238851,4477607599,102222.00000000,0.00005000,True
1738033504238851,4477607600,102222.00000000,0.00005000,True
1738033504238851,4477607601,102222.00000000,0.00005000,True
1738033504238851,4477607602,102222.00000000,0.00005000,True
1738033504238851,4477607603,102222.00000000,0.00005000,True
1738033504238851,4477607604,102222.00000000,0.00005000,True
1738033504238851,4477607605,102221.77000000,0.00005000,True
1738033504238851,4477607606,102220.43000000,0.00005000,True
1738033504238851,4477607607,102220.43000000,0.00005000,True
1738033504238851,4477607608,102220.43000000,0.00005000,True
1738033504238851,4477607609,102220.43000000,0.00005000,True
1738033504238851,4477607610,102220.43000000,0.00005000,True
1738033504238851,4477607611,102220.43000000,0.00005000,True
1738033504238851,4477607612,102220.43000000,0.00005000,True
1738033504238851,4477607613,102220.43000000,0.00005000,True
1738033504238851,4477607614,102220.43000000,0.00005000,True
1738033504238851,4477607615,102220.43000000,0.00005000,True
1738033504238851,4477607616,102220.00000000,0.03693000,True
1738033504238851,4477607617,102220.00000000,0.02640000,True
1738033504238851,4477607618,102220.00000000,0.03075000,True
1738033504619841,4477607619,102220.00000000,0.00032000,True
1738033504619841,4477607620,102220.00000000,0.00117000,True
1738033505409718,4477607621,102220.01000000,0.00021000,False
1738033505458316,4477607622,102220.01000000,0.00015000,False
1738033508556830,4477608424,102235.25000000,0.00080000,True
1738033508607627,4477608425,102235.25000000,0.00016000,True
1738033508685376,4477608426,102235.26000000,0.00006000,False
1738033508685376,4477608427,102235.26000000,0.00006000,False
1738033508685376,4477608428,102235.26000000,0.00010000,False
1738033508685376,4477608429,102235.26000000,0.00010000,False
1738033508685376,4477608430,102235.26000000,0.00013000,False
1738033508685376,4477608431,102235.26000000,0.00013000,False
1738033508685376,4477608432,102235.26000000,0.00005000,False
1738033508685376,4477608433,102235.26000000,0.00006000,False
1738033508685376,4477608434,102235.26000000,0.00006000,False
1738033508685376,4477608435,102235.26000000,0.00006000,False
1738033508685376,4477608436,102235.26000000,0.00006000,False
1738033508685376,4477608437,102235.26000000,0.00006000,False
1738033508685376,4477608438,102235.26000000,0.00006000,False
1738033508685376,4477608439,102235.26000000,0.00006000,False
1738033508685376,4477608440,102235.26000000,0.00006000,False
1738033508685376,4477608441,102235.26000000,0.00011000,False
1738033508685376,4477608442,102235.26000000,0.00012000,False
1738033508685376,4477608443,102235.26000000,0.00081000,False
1738033508685376,4477608444,102235.26000000,0.00726000,False
1738033508685376,4477608445,102235.26000000,0.00100000,False
1738033508685376,4477608446,102235.26000000,0.00005000,False
1738033508685376,4477608447,102235.26000000,0.00005000,False
1738033508685376,4477608448,102235.26000000,0.00005000,False
1738033508685376,4477608449,102235.26000000,0.00005000,False
1738033508685376,4477608450,102235.26000000,0.00005000,False
1738033508685376,4477608451,102235.26000000,0.00005000,False
1738033508685376,4477608452,102235.26000000,0.00005000,False
1738033508685376,4477608453,102235.26000000,0.00005000,False
1738033508685376,4477608454,102235.26000000,0.00005000,False
1738033508844029,4477608455,102235.27000000,0.00005000,False
1738033508844029,4477608456,102235.27000000,0.00006000,False
1738033508844029,4477608457,102235.27000000,0.00006000,False
1738033508844029,4477608458,102235.27000000,0.00006000,False
1738033508844029,4477608459,102235.27000000,0.00006000,False
1738033508844029,4477608460,102235.27000000,0.00006000,False
1738033508844029,4477608461,102235.27000000,0.00006000,False
1738033508844029,4477608462,102235.27000000,0.00006000,False
1738033508844029,4477608463,102235.27000000,0.00006000,False
1738033508844029,4477608464,102235.27000000,0.00006000,False
1738033508844029,4477608465,102235.27000000,0.00006000,False
1738033508844029,4477608466,102235.27000000,0.00011000,False
1738033508844029,4477608467,102235.27000000,0.00011000,False
1738033508844029,4477608468,102235.27000000,0.00020000,False
1738033508844029,4477608469,102235.27000000,0.00005000,False
1738033508844029,4477608470,102235.27000000,0.00005000,False
1738033508844029,4477608471,102235.27000000,0.00005000,False
1738033508844029,4477608472,102235.27000000,0.00005000,False
1738033508844029,4477608473,102235.27000000,0.00005000,False
1738033508844029,4477608474,102235.27000000,0.00005000,False
1738033508844029,4477608475,102235.27000000,0.00005000,False
1738033508844029,4477608476,102235.27000000,0.00005000,False
1738033508844029,4477608477,102235.27000000,0.00005000,False
1738033508871723,4477608478,102235.40000000,0.00008000,False
1738033508871723,4477608479,102235.40000000,0.00008000,False
1738033508871723,4477608480,102235.40000000,0.00008000,False
1738033508871723,4477608481,102235.40000000,0.00008000,False
1738033508871723,4477608482,102235.40000000,0.00006000,False
1738033508871723,4477608483,102235.40000000,0.00006000,False
1738033508871723,4477608484,102235.40000000,0.00006000,False
1738033508871723,4477608485,102235.40000000,0.00006000,False
1738033508871723,4477608486,102235.40000000,0.00006000,False
1738033508871723,4477608487,102235.40000000,0.00006000,False
1738033508871723,4477608488,102235.40000000,0.00006000,False
1738033508871723,4477608489,102235.40000000,0.00006000,False
1738033508871723,4477608490,102235.40000000,0.00006000,False
1738033508871723,4477608491,102235.40000000,0.00006000,False
1738033508890488,4477608492,102235.41000000,0.00006000,False
1738033508890488,4477608493,102235.41000000,0.00006000,False
1738033508890488,4477608494,102235.41000000,0.00006000,False
1738033508890488,4477608495,102235.41000000,0.00006000,False
1738033508890488,4477608496,102235.41000000,0.00006000,False
1738033508890488,4477608497,102235.41000000,0.00006000,False
1738033508890488,4477608498,102235.41000000,0.00006000,False
1738033508890488,4477608499,102235.41000000,0.00006000,False
1738033508890488,4477608500,102235.41000000,0.00006000,False
1738033508890488,4477608501,102235.41000000,0.00006000,False
1738033508890488,4477608502,102235.49000000,0.00010000,False
1738033508890488,4477608503,102235.49000000,0.00006000,False
1738033508890488,4477608504,102235.49000000,0.00006000,False
1738033508890488,4477608505,102235.57000000,0.00009000,False
1738033508890488,4477608506,102235.57000000,0.00009000,False
1738033508890488,4477608507,102235.57000000,0.00009000,False
1738033508890488,4477608508,102235.57000000,0.00009000,False
1738033508890488,4477608509,102235.57000000,0.00006000,False
1738033508890488,4477608510,102235.57000000,0.00006000,False
1738033508890488,4477608511,102235.58000000,0.00006000,False
1738033508890488,4477608512,102235.58000000,0.00006000,False
1738033508890488,4477608513,102235.58000000,0.00005000,False
1738033508890488,4477608514,102235.58000000,0.00005000,False
1738033508890488,4477608515,102235.58000000,0.00005000,False
1738033508890488,4477608516,102235.58000000,0.00005000,False
1738033508890488,4477608517,102235.58000000,0.00005000,False
1738033508890488,4477608518,102235.58000000,0.00005000,False
1738033508890488,4477608519,102235.58000000,0.00005000,False
1738033508890488,4477608520,102235.58000000,0.00005000,False
1738033508890488,4477608521,102235.58000000,0.00005000,False
1738033508890488,4477608522,102235.58000000,0.00005000,False
1738033508891394,4477608523,102235.72000000,0.00006000,False
1738033508891394,4477608524,102235.72000000,0.00006000,False
1738033508891394,4477608525,102235.79000000,0.00006000,False
1738033508891394,4477608526,102235.79000000,0.00006000,False
1738033508891394,4477608527,102235.99000000,0.00007000,False
1738033508891394,4477608528,102235.99000000,0.00007000,False
1738033508891394,4477608529,102235.99000000,0.00007000,False
1738033508891394,4477608530,102235.99000000,0.00007000,False
1738033508891394,4477608531,102235.99000000,0.00006000,False
1738033508891394,4477608532,102235.99000000,0.00006000,False
1738033508891394,4477608533,102236.00000000,0.00300000,False
1738033508891394,4477608534,102236.00000000,0.00400000,False
1738033508891394,4477608535,102236.00000000,0.00006000,False
1738033508891394,4477608536,102236.00000000,0.00006000,False
1738033508891394,4477608537,102236.21000000,0.00006000,False
1738033508891394,4477608538,102236.21000000,0.00006000,False
1738033508891394,4477608539,102236.43000000,0.14045000,False
1738033508891394,4477608540,102236.43000000,0.00005000,False
1738033508891394,4477608541,102236.43000000,0.00006000,False
1738033508891394,4477608542,102236.43000000,0.00006000,False
1738033508891394,4477608543,102236.43000000,0.00005000,False
1738033508891394,4477608544,102236.43000000,0.00005000,False
1738033508891394,4477608545,102236.43000000,0.00005000,False
1738033508891394,4477608546,102236.43000000,0.00005000,False
1738033508891394,4477608547,102236.43000000,0.00005000,False
1738033508891394,4477608548,102236.43000000,0.00005000,False
1738033508891394,4477608549,102236.43000000,0.00005000,False
1738033508891394,4477608550,102236.43000000,0.00005000,False
1738033508891394,4477608551,102236.43000000,0.00005000,False
1738033508891645,4477608552,102236.74000000,0.00006000,False
1738033508891645,4477608553,102236.74000000,0.00006000,False
1738033508891645,4477608554,102236.93000000,0.00160000,False
1738033508891645,4477608555,102236.93000000,0.00006000,False
1738033508891645,4477608556,102236.93000000,0.00006000,False
1738033508891645,4477608557,102237.03000000,0.00006000,False
1738033508891645,4477608558,102237.03000000,0.00006000,False
1738033508891645,4477608559,102237.53000000,0.00021000,False
1738033508891645,4477608560,102237.53000000,0.00006000,False
1738033508891645,4477608561,102237.53000000,0.00006000,False
1738033508891645,4477608562,102237.55000000,0.00001000,False
1738033508897548,4477608563,102237.55000000,0.00006000,False
1738033508897548,4477608564,102237.55000000,0.00006000,False
1738033508897548,4477608565,102237.55000000,0.00006000,False
1738033508897548,4477608566,102237.55000000,0.00006000,False
1738033508897548,4477608567,102237.55000000,0.00005000,False
1738033508897548,4477608568,102237.55000000,0.00006000,False
1738033508897548,4477608569,102237.55000000,0.00006000,False
1738033508897548,4477608570,102237.55000000,0.00006000,False
1738033508897548,4477608571,102237.55000000,0.00005000,False
1738033508897548,4477608572,102237.55000000,0.00005000,False
1738033508897548,4477608573,102237.55000000,0.00005000,False
1738033508897548,4477608574,102237.55000000,0.00005000,False
1738033508897548,4477608575,102237.55000000,0.00005000,False
1738033508897548,4477608576,102237.55000000,0.00005000,False
1738033508897548,4477608577,102237.55000000,0.00005000,False
1738033508897548,4477608578,102237.55000000,0.00005000,False
1738033508897548,4477608579,102237.55000000,0.00005000,False
1738033508897548,4477608580,102237.76000000,0.00006000,False
1738033508897548,4477608581,102237.76000000,0.00006000,False
1738033508918276,4477608582,102238.17000000,0.00010000,False
1738033508918276,4477608583,102238.17000000,0.00006000,False
1738033508918276,4477608584,102238.17000000,0.00006000,False
1738033508918276,4477608585,102238.17000000,0.00006000,False
1738033508918276,4477608586,102238.17000000,0.00006000,False
1738033508918276,4477608587,102238.17000000,0.00006000,False
1738033508918276,4477608588,102238.17000000,0.00006000,False
1738033508918276,4477608589,102238.17000000,0.00006000,False
1738033508918276,4477608590,102238.17000000,0.00006000,False
1738033508918276,4477608591,102238.17000000,0.00006000,False
1738033508918276,4477608592,102238.17000000,0.00006000,False
1738033508938701,4477608593,102238.57000000,0.00006000,False
1738033508938701,4477608594,102238.57000000,0.00006000,False
1738033508938701,4477608595,102238.57000000,0.00006000,False
1738033508938701,4477608596,102238.57000000,0.00006000,False
1738033508938701,4477608597,102238.57000000,0.00006000,False
1738033508938701,4477608598,102238.57000000,0.00006000,False
1738033508938701,4477608599,102238.57000000,0.00006000,False
1738033508938701,4477608600,102238.57000000,0.00006000,False
1738033508938701,4477608601,102238.57000000,0.00006000,False
1738033508938701,4477608602,102238.57000000,0.00006000,False
1738033508938701,4477608603,102238.57000000,0.00005000,False
1738033508938701,4477608604,102238.57000000,0.00011000,False
1738033508938701,4477608605,102238.57000000,0.00005000,False
1738033508938701,4477608606,102238.57000000,0.00005000,False
1738033508938701,4477608607,102238.57000000,0.00005000,False
1738033508938701,4477608608,102238.57000000,0.00005000,False
1738033508938701,4477608609,102238.57000000,0.00005000,False
1738033508938701,4477608610,102238.57000000,0.00005000,False
1738033508938701,4477608611,102238.57000000,0.00005000,False
1738033508938701,4477608612,102238.57000000,0.00005000,False
1738033508938701,4477608613,102238.57000000,0.00005000,False
1738033508951334,4477608614,102238.78000000,0.00006000,False
1738033508951334,4477608615,102238.78000000,0.00006000,False
1738033508951334,4477608616,102238.78000000,0.00006000,False
1738033508951334,4477608617,102238.78000000,0.00006000,False
1738033508951334,4477608618,102238.78000000,0.00006000,False
1738033508951334,4477608619,102238.78000000,0.00006000,False
1738033508951334,4477608620,102238.78000000,0.00006000,False
1738033508951334,4477608621,102238.78000000,0.00006000,False
1738033508951334,4477608622,102238.78000000,0.00005000,False
1738033508951334,4477608623,102238.78000000,0.00005000,False
1738033508951334,4477608624,102238.78000000,0.00005000,False
1738033508951334,4477608625,102238.78000000,0.00005000,False
1738033508951334,4477608626,102238.78000000,0.00005000,False
1738033508951334,4477608627,102238.78000000,0.00005000,False
1738033508951334,4477608628,102238.78000000,0.00005000,False
1738033508951334,4477608629,102238.78000000,0.00005000,False
1738033508951334,4477608630,102238.78000000,0.00005000,False
1738033508951334,4477608631,102238.78000000,0.00005000,False
1738033508964177,4477608632,102239.99000000,0.00005000,False
1738033508964177,4477608633,102239.99000000,0.00006000,False
1738033508964177,4477608634,102239.99000000,0.00006000,False
1738033508964177,4477608635,102239.99000000,0.00013000,False
1738033508964177,4477608636,102239.99000000,0.00013000,False
1738033508964177,4477608637,102239.99000000,0.00005000,False
1738033508964177,4477608638,102239.99000000,0.00005000,False
1738033508964177,4477608639,102239.99000000,0.00005000,False
1738033508964177,4477608640,102239.99000000,0.00005000,False
1738033508964177,4477608641,102239.99000000,0.00005000,False
1738033508964177,4477608642,102239.99000000,0.00005000,False
1738033508964177,4477608643,102239.99000000,0.00005000,False
1738033508964177,4477608644,102239.99000000,0.00005000,False
1738033508964177,4477608645,102239.99000000,0.00005000,False
1738033509008649,4477608646,102240.00000000,0.01956000,False
1738033509008649,4477608647,102240.00000000,0.00300000,False
1738033509008649,4477608648,102240.00000000,0.00400000,False
1738033509008649,4477608649,102240.00000000,0.00006000,False
1738033509008649,4477608650,102240.00000000,0.00005000,False
1738033509008649,4477608651,102240.00000000,0.00006000,False
1738033509008649,4477608652,102240.00000000,0.00005000,False
1738033509008649,4477608653,102240.00000000,0.00005000,False
1738033509008649,4477608654,102240.00000000,0.00005000,False
1738033509008649,4477608655,102240.00000000,0.00005000,False
1738033509008649,4477608656,102240.00000000,0.00005000,False
1738033509008649,4477608657,102240.00000000,0.00005000,False
1738033509008649,4477608658,102240.00000000,0.00005000,False
1738033509008649,4477608659,102240.00000000,0.00005000,False
1738033509008649,4477608660,102240.00000000,0.00005000,False
1738033509008649,4477608661,102240.08000000,0.00006000,False
1738033509008649,4477608662,102240.08000000,0.00006000,False
1738033509008649,4477608663,102240.79000000,0.00006000,False
1738033509008649,4477608664,102240.79000000,0.00006000,False
1738033509008649,4477608665,102240.82000000,0.00006000,False
1738033509008649,4477608666,102240.82000000,0.00006000,False
1738033509008649,4477608667,102240.82000000,0.00005000,False
1738033509008649,4477608668,102240.92000000,0.00010000,False
1738033509008649,4477608669,102240.92000000,0.00006000,False
1738033509008649,4477608670,102240.92000000,0.00006000,False
1738033509008649,4477608671,102241.10000000,0.00011000,False
1738033509008649,4477608672,102241.10000000,0.00006000,False
1738033509008649,4477608673,102241.10000000,0.00006000,False
1738033509008649,4477608674,102241.24000000,0.00016000,False
1738033509008649,4477608675,102241.24000000,0.00006000,False
1738033509008649,4477608676,102241.24000000,0.00006000,False
1738033509008649,4477608677,102241.53000000,0.00006000,False
1738033509008649,4477608678,102241.53000000,0.00006000,False
1738033509008649,4477608679,102241.66000000,0.00006000,False
1738033509008649,4477608680,102241.66000000,0.00006000,False
1738033509017677,4477608681,102241.67000000,0.00006000,False
1738033509017677,4477608682,102241.67000000,0.00006000,False
1738033509017677,4477608683,102241.67000000,0.00005000,False
1738033509017677,4477608684,102241.67000000,0.00005000,False
1738033509017677,4477608685,102241.67000000,0.00005000,False
1738033509017677,4477608686,102241.67000000,0.00005000,False
1738033509017677,4477608687,102241.67000000,0.00005000,False
1738033509017677,4477608688,102241.67000000,0.00005000,False
1738033509017677,4477608689,102241.67000000,0.00005000,False
1738033509017677,4477608690,102241.67000000,0.00005000,False
1738033509017677,4477608691,102241.67000000,0.00005000,False
1738033509017677,4477608692,102241.67000000,0.00005000,False
1738033509017677,4477608693,102241.84000000,0.00005000,False
1738033509017677,4477608694,102241.84000000,0.00006000,False
1738033509017677,4477608695,102241.84000000,0.00006000,False
1738033509017677,4477608696,102241.90000000,0.00038000,False
1738033509017677,4477608697,102241.90000000,0.00006000,False
1738033509017677,4477608698,102241.90000000,0.00006000,False
1738033509017677,4477608699,102241.98000000,0.00006000,False
1738033509017677,4477608700,102241.98000000,0.00006000,False
1738033509017677,4477608701,102242.85000000,0.00500000,False
1738033509017677,4477608702,102242.85000000,0.00006000,False
1738033509017677,4477608703,102242.85000000,0.00006000,False
1738033509017677,4477608704,102242.86000000,0.00005000,False
1738033509017677,4477608705,102242.86000000,0.00006000,False
1738033509017677,4477608706,102242.86000000,0.00006000,False
1738033509222651,4477608707,102243.47000000,0.00005000,False
1738033509222651,4477608708,102243.47000000,0.00006000,False
1738033509222651,4477608709,102243.47000000,0.00006000,False
1738033509222651,4477608710,102243.47000000,0.01114000,False
1738033509327001,4477608711,102243.46000000,0.00081000,True
1738033509627728,4477608712,102243.46000000,0.00076000,True
1738033509785207,4477608713,102243.47000000,0.00048000,False
1738033509839693,4477608714,102243.46000000,0.00020000,True
1738033510023736,4477608715,102243.46000000,0.00097000,True
1738033510023736,4477608716,102243.46000000,0.00056000,True
1738033510095869,4477608717,102243.46000000,0.00036000,True
1738033510107683,4477608718,102243.47000000,0.00202000,False
1738033510148084,4477608719,102243.46000000,0.01300000,True
1738033510149530,4477608720,102243.46000000,0.00564000,True
1738033510149530,4477608721,102243.46000000,0.00736000,True
1738033510544170,4477608722,102243.46000000,0.00011000,True
1738033510544170,4477608723,102243.46000000,0.00760000,True
1738033510544170,4477608724,102243.46000000,0.00011000,True
1738033510544170,4477608725,102243.46000000,0.00006000,True
1738033510544170,4477608726,102243.46000000,0.00006000,True
1738033510544170,4477608727,102243.46000000,0.00184000,True
1738033511222031,4477608728,102243.46000000,0.00005000,True
1738033511222031,4477608729,102243.46000000,0.01956000,True
1738033511222031,4477608730,102243.46000000,0.13149000,True
1738033511222894,4477608731,102243.46000000,0.03713000,True
1738033511222894,4477608732,102243.46000000,0.00006000,True
1738033511222894,4477608733,102243.46000000,0.00006000,True
1738033511222894,4477608734,102243.46000000,0.00006000,True
1738033511222894,4477608735,102243.46000000,0.00006000,True
1738033511222894,4477608736,102243.46000000,0.00006000,True
1738033511222894,4477608737,102243.46000000,0.00006000,True
1738033511222894,4477608738,102243.46000000,0.00006000,True
1738033511222894,4477608739,102243.46000000,0.00006000,True
1738033511222894,4477608740,102243.46000000,0.00006000,True
1738033511222894,4477608741,102243.46000000,0.00006000,True
1738033511222894,4477608742,102243.46000000,0.00011000,True
1738033511222894,4477608743,102243.46000000,0.00011000,True
1738033511222894,4477608744,102243.46000000,0.00095000,True
1738033511222894,4477608745,102243.46000000,0.00103000,True
1738033511222894,4477608746,102243.46000000,0.00005000,True
1738033511222894,4477608747,102243.46000000,0.00005000,True
1738033511222894,4477608748,102243.46000000,0.00005000,True
1738033511222894,4477608749,102243.46000000,0.00005000,True
1738033511222894,4477608750,102243.46000000,0.00005000,True
1738033511222894,4477608751,102243.46000000,0.00005000,True
1738033511222894,4477608752,102243.46000000,0.00005000,True
1738033511222894,4477608753,102243.46000000,0.00005000,True
1738033511222894,4477608754,102243.46000000,0.00005000,True
1738033511222894,4477608755,102243.41000000,0.00006000,True
1738033511222894,4477608756,102243.41000000,0.00006000,True
1738033511222894,4477608757,102243.41000000,0.00006000,True
1738033511222894,4477608758,102243.41000000,0.00006000,True
1738033511222894,4477608759,102243.41000000,0.00006000,True
1738033511222894,4477608760,102243.40000000,0.05000000,True
1738033511222894,4477608761,102243.40000000,0.00006000,True
1738033511222894,4477608762,102243.40000000,0.00001000,True
1738033511223801,4477608763,102243.40000000,0.00005000,True
1738033511223801,4477608764,102243.40000000,0.00005000,True
1738033511223801,4477608765,102243.40000000,0.00005000,True
1738033511223801,4477608766,102243.40000000,0.00005000,True
1738033511223801,4477608767,102243.40000000,0.00005000,True
1738033511223801,4477608768,102243.40000000,0.00005000,True
1738033511223801,4477608769,102243.40000000,0.00005000,True
1738033511223801,4477608770,102243.40000000,0.00005000,True
1738033511223801,4477608771,102243.40000000,0.00005000,True
