Time,ID,Price,Quantity,Market Maker
1738032742604234,2092317389,3192.04000000,0.00150000,True
1738032742817886,2092317390,3192.05000000,0.00690000,False
1738032742817886,2092317391,3192.05000000,0.00300000,False
1738032742817886,2092317392,3192.05000000,0.00170000,False
1738032742817886,2092317393,3192.05000000,0.00400000,False
1738032743266691,2092317394,3192.04000000,0.00300000,True
1738032743266691,2092317395,3192.04000000,0.00300000,True
1738032743266691,2092317396,3192.04000000,0.00170000,True
1738032743266691,2092317397,3192.04000000,0.00300000,True
1738032743266691,2092317398,3192.04000000,0.00300000,True
1738032743266691,2092317399,3192.04000000,0.00300000,True
1738032743266691,2092317400,3192.04000000,0.00590000,True
1738032743266691,2092317401,3192.04000000,0.00180000,True
1738032743266691,2092317402,3192.04000000,0.07120000,True
1738032744060012,2092317403,3192.04000000,0.01100000,True
1738032744321237,2092317404,3192.04000000,2.17080000,True
1738032744632389,2092317405,3192.05000000,0.36550000,False
1738032744632389,2092317406,3192.05000000,0.00300000,False
1738032744632389,2092317407,3192.05000000,0.00300000,False
1738032744632389,2092317408,3192.05000000,0.00300000,False
1738032744632389,2092317409,3192.05000000,0.00300000,False
1738032744632389,2092317410,3192.05000000,0.00300000,False
1738032744632389,2092317411,3192.05000000,0.00170000,False
1738032744632389,2092317412,3192.05000000,0.12740000,False
1738032744632389,2092317413,3192.05000000,0.00500000,False
1738032744632389,2092317414,3192.06000000,0.00170000,False
1738032744632389,2092317415,3192.06000000,0.00170000,False
1738032744632389,2092317416,3192.06000000,0.00170000,False
1738032744632389,2092317417,3192.06000000,0.00170000,False
1738032744632389,2092317418,3192.07000000,0.42230000,False
1738032744632389,2092317419,3192.07000000,0.00170000,False
1738032744632389,2092317420,3192.08000000,0.00170000,False
1738032744632389,2092317421,3192.09000000,0.00170000,False
1738032744632389,2092317422,3192.10000000,0.00170000,False
1738032744632389,2092317423,3192.11000000,0.00170000,False
1738032744632389,2092317424,3192.11000000,0.03190000,False
1738032744636560,2092317425,3192.14000000,0.00320000,False
1738032744636560,2092317426,3192.14000000,0.00160000,False
1738032744636560,2092317427,3192.14000000,0.00160000,False
1738032744636560,2092317428,3192.14000000,0.00160000,False
1738032744636560,2092317429,3192.14000000,0.00160000,False
1738032744636560,2092317430,3192.14000000,0.00160000,False
1738032744636560,2092317431,3192.14000000,0.00160000,False
1738032744636560,2092317432,3192.14000000,0.00160000,False
1738032744636560,2092317433,3192.14000000,0.00160000,False
1738032744636560,2092317434,3192.14000000,0.00160000,False
1738032744636560,2092317435,3192.14000000,0.00160000,False
1738032744636560,2092317436,3192.15000000,0.00160000,False
1738032744636560,2092317437,3192.16000000,0.00170000,False
1738032744636560,2092317438,3192.17000000,0.00170000,False
1738032744636560,2092317439,3192.25000000,0.00170000,False
1738032744636560,2092317440,3192.25000000,0.00170000,False
1738032744636560,2092317441,3192.25000000,0.00170000,False
1738032744785648,2092317442,3192.26000000,0.00300000,False
1738032744785648,2092317443,3192.26000000,0.00190000,False
1738032744876058,2092317444,3192.25000000,0.12260000,True
1738032744876058,2092317445,3192.25000000,0.79670000,True
1738032744876058,2092317446,3192.25000000,4.31840000,True
1738032744876058,2092317447,3192.25000000,0.65600000,True
1738032744876058,2092317448,3192.25000000,0.00660000,True
1738032744876058,2092317449,3192.25000000,0.00300000,True
1738032744876058,2092317450,3192.25000000,0.00180000,True
1738032744876058,2092317451,3192.25000000,0.00300000,True
1738032744876058,2092317452,3192.25000000,0.00300000,True
1738032744876058,2092317453,3192.25000000,0.00300000,True
1738032744876058,2092317454,3192.25000000,0.00300000,True
1738032744876058,2092317455,3192.25000000,0.00490000,True
1738032744876058,2092317456,3192.25000000,4.10410000,True
1738032744876058,2092317457,3192.25000000,0.00300000,True
1738032744880639,2092317458,3192.24000000,0.00300000,True
1738032744880639,2092317459,3192.24000000,0.00300000,True
1738032744880639,2092317460,3192.24000000,0.00300000,True
1738032744880639,2092317461,3192.24000000,0.00300000,True
1738032744880639,2092317462,3192.24000000,0.00300000,True
1738032744880639,2092317463,3192.24000000,0.00300000,True
1738032744880639,2092317464,3192.23000000,0.00300000,True
1738032744880639,2092317465,3192.23000000,0.00160000,True
1738032744914207,2092317466,3192.21000000,0.00180000,True
1738032744914207,2092317467,3192.21000000,0.00300000,True
1738032744914207,2092317468,3192.21000000,0.00300000,True
1738032744914207,2092317469,3192.21000000,0.00300000,True
1738032744914207,2092317470,3192.21000000,0.00300000,True
1738032744914207,2092317471,3192.21000000,0.00300000,True
1738032744914207,2092317472,3192.21000000,0.00300000,True
1738032744914207,2092317473,3192.21000000,0.00410000,True
1738032744916178,2092317474,3192.20000000,0.00300000,True
1738032744916178,2092317475,3192.20000000,0.00300000,True
1738032744916178,2092317476,3192.20000000,0.00300000,True
1738032744916178,2092317477,3192.20000000,0.00300000,True
1738032744916178,2092317478,3192.19000000,0.00160000,True
1738032744916178,2092317479,3192.19000000,0.00300000,True
1738032744918230,2092317480,3192.16000000,0.00160000,True
1738032744918230,2092317481,3192.16000000,0.00300000,True
1738032744918230,2092317482,3192.13000000,0.00180000,True
1738032744918230,2092317483,3192.13000000,0.00160000,True
1738032744918230,2092317484,3192.13000000,0.00300000,True
1738032744918230,2092317485,3192.09000000,0.03070000,True
1738032744918230,2092317486,3192.09000000,0.00300000,True
1738032744971102,2092317487,3192.07000000,0.00300000,True
1738032744971102,2092317488,3192.07000000,0.00300000,True
1738032744971102,2092317489,3192.07000000,0.00300000,True
1738032744971102,2092317490,3192.07000000,0.00300000,True
1738032744971102,2092317491,3192.07000000,0.00300000,True
1738032744971102,2092317492,3192.07000000,0.00170000,True
1738032744971102,2092317493,3192.07000000,0.00300000,True
1738032744971102,2092317494,3192.05000000,0.00180000,True
1738032744971102,2092317495,3192.05000000,0.00300000,True
1738032745224699,2092317496,3192.05000000,0.02640000,False
1738032745417177,2092317497,3192.04000000,0.01870000,True
1738032745417177,2092317498,3192.04000000,0.15860000,True
1738032745417177,2092317499,3192.04000000,0.00300000,True
1738032745417177,2092317500,3192.04000000,0.00300000,True
1738032745417177,2092317501,3192.04000000,0.00300000,True
1738032745417177,2092317502,3192.04000000,0.00300000,True
1738032745417177,2092317503,3192.04000000,0.00300000,True
1738032745417177,2092317504,3192.04000000,0.00300000,True
1738032745417177,2092317505,3192.03000000,0.00300000,True
1738032745417177,2092317506,3192.02000000,0.00300000,True
1738032745417177,2092317507,3192.00000000,0.00330000,True
1738032745417177,2092317508,3192.00000000,0.00300000,True
1738032745417177,2092317509,3192.00000000,0.00160000,True
1738032745417177,2092317510,3191.95000000,0.00300000,True
1738032745417177,2092317511,3191.89000000,0.00180000,True
1738032745417177,2092317512,3191.87000000,0.00320000,True
1738032745417177,2092317513,3191.85000000,0.10100000,True
1738032745417177,2092317514,3191.83000000,0.10050000,True
1738032745526176,2092317515,3191.81000000,0.01870000,True
1738032746026780,2092317516,3191.82000000,0.09240000,False
1738032746093275,2092317517,3191.82000000,0.00400000,False
1738032746145415,2092317518,3191.81000000,0.00300000,True
1738032746145415,2092317519,3191.81000000,0.00300000,True
1738032746145415,2092317520,3191.81000000,0.00260000,True
1738032746145415,2092317521,3191.81000000,0.00300000,True
1738032746145415,2092317522,3191.81000000,0.00330000,True
1738032746145415,2092317523,3191.81000000,0.00390000,True
1738032746145415,2092317524,3191.81000000,0.00300000,True
1738032746145415,2092317525,3191.81000000,0.00300000,True
1738032746145415,2092317526,3191.81000000,0.00300000,True
1738032746145415,2092317527,3191.78000000,0.00160000,True
1738032746145415,2092317528,3191.78000000,0.00300000,True
1738032746145415,2092317529,3191.78000000,0.02760000,True
1738032746149382,2092317530,3191.78000000,0.00300000,True
1738032746149382,2092317531,3191.78000000,0.00300000,True
1738032746149382,2092317532,3191.78000000,0.00300000,True
1738032746149382,2092317533,3191.78000000,0.00300000,True
1738032746149382,2092317534,3191.78000000,0.00300000,True
1738032746149382,2092317535,3191.78000000,0.00300000,True
1738032746149382,2092317536,3191.77000000,0.00180000,True
1738032746149382,2092317537,3191.77000000,0.00300000,True
1738032746149382,2092317538,3191.77000000,0.00170000,True
1738032748377320,2092317539,3191.75000000,0.00300000,True
1738032748377320,2092317540,3191.75000000,0.00170000,True
1738032748377320,2092317541,3191.75000000,0.00300000,True
1738032748377320,2092317542,3191.75000000,0.00300000,True
1738032748377320,2092317543,3191.75000000,0.00300000,True
1738032748377320,2092317544,3191.75000000,0.00010000,True
1738032750090140,2092317545,3191.76000000,0.00300000,False
1738032750090140,2092317546,3191.76000000,0.00300000,False
1738032750090140,2092317547,3191.76000000,0.00300000,False
1738032750090140,2092317548,3191.76000000,0.00300000,False
1738032750090140,2092317549,3191.76000000,0.00170000,False
1738032750090140,2092317550,3191.76000000,0.06370000,False
1738032750090140,2092317551,3191.76000000,0.00300000,False
1738032750090140,2092317552,3191.76000000,0.00490000,False
1738032750090140,2092317553,3191.77000000,0.00170000,False
1738032750090140,2092317554,3191.77000000,0.00160000,False
1738032750090140,2092317555,3191.78000000,0.00170000,False
1738032750090140,2092317556,3191.79000000,0.00170000,False
1738032750090140,2092317557,3191.80000000,0.00170000,False
1738032750090140,2092317558,3191.81000000,0.00170000,False
1738032750090140,2092317559,3191.81000000,0.00170000,False
1738032750090140,2092317560,3191.81000000,0.00170000,False
1738032750090140,2092317561,3191.81000000,0.00170000,False
1738032750090140,2092317562,3191.82000000,0.00170000,False
1738032750090140,2092317563,3191.82000000,0.27630000,False
1738032750090140,2092317564,3191.83000000,0.00170000,False
1738032750090140,2092317565,3191.83000000,0.00160000,False
1738032750090140,2092317566,3191.84000000,0.00170000,False
1738032750090140,2092317567,3191.85000000,0.00170000,False
1738032750517419,2092317568,3192.00000000,0.00330000,False
1738032750517419,2092317569,3192.00000000,0.00300000,False
1738032750517419,2092317570,3192.00000000,0.00300000,False
1738032750517419,2092317571,3192.00000000,0.00170000,False
1738032750517419,2092317572,3192.00000000,0.00300000,False
1738032750517419,2092317573,3192.00000000,0.00300000,False
1738032750517419,2092317574,3192.00000000,0.10060000,False
1738032750517419,2092317575,3192.00000000,0.01620000,False
1738032750517419,2092317576,3192.00000000,0.00300000,False
1738032750517419,2092317577,3192.03000000,0.00170000,False
1738032750517419,2092317578,3192.03000000,0.00160000,False
1738032750517419,2092317579,3192.04000000,0.00170000,False
1738032750517419,2092317580,3192.05000000,0.00170000,False
1738032750517419,2092317581,3192.07000000,0.00170000,False
1738032750517419,2092317582,3192.09000000,0.00170000,False
1738032750517419,2092317583,3192.09000000,0.00160000,False
1738032750517419,2092317584,3192.10000000,0.00170000,False
1738032750517419,2092317585,3192.12000000,0.00170000,False
1738032750517419,2092317586,3192.14000000,0.00170000,False
1738032750517419,2092317587,3192.15000000,0.00170000,False
1738032750517419,2092317588,3192.15000000,0.00170000,False
1738032750517419,2092317589,3192.15000000,0.00170000,False
1738032750517419,2092317590,3192.15000000,0.00170000,False
1738032750517419,2092317591,3192.16000000,0.10070000,False
1738032750517419,2092317592,3192.18000000,0.00170000,False
1738032750517419,2092317593,3192.18000000,0.00170000,False
1738032750517419,2092317594,3192.18000000,0.00170000,False
1738032750517419,2092317595,3192.19000000,0.10060000,False
1738032750517419,2092317596,3192.20000000,0.62700000,False
1738032750517419,2092317597,3192.21000000,0.00320000,False
1738032750517419,2092317598,3192.23000000,0.00160000,False
1738032750517419,2092317599,3192.23000000,0.00160000,False
1738032750517419,2092317600,3192.23000000,0.00160000,False
1738032750517419,2092317601,3192.23000000,0.00160000,False
1738032750517419,2092317602,3192.23000000,0.00160000,False
1738032750517419,2092317603,3192.23000000,0.00160000,False
1738032750517419,2092317604,3192.23000000,0.00160000,False
1738032750517419,2092317605,3192.23000000,0.00160000,False
1738032750517419,2092317606,3192.23000000,0.00160000,False
1738032750517419,2092317607,3192.23000000,0.00160000,False
1738032750517419,2092317608,3192.24000000,0.00170000,False
1738032750517419,2092317609,3192.24000000,0.00170000,False
1738032750517419,2092317610,3192.24000000,0.00170000,False
1738032750730820,2092317611,3192.24000000,1.00000000,True
1738032750963069,2092317612,3192.25000000,0.01950000,False
1738032752078364,2092317613,3192.25000000,0.00640000,False
1738032752529730,2092317614,3192.24000000,0.10000000,True
1738032752797285,2092317615,3192.25000000,0.99260000,False
1738032754382322,2092317616,3192.24000000,0.57990000,True
1738032754392808,2092317617,3192.24000000,0.01050000,True
1738032754415072,2092317618,3192.24000000,0.73700000,True
1738032754417272,2092317619,3192.24000000,0.32960000,True
1738032754418233,2092317620,3192.24000000,0.45100000,True
1738032754470389,2092317621,3192.24000000,0.00300000,True
1738032754470389,2092317622,3192.24000000,0.00300000,True
1738032754470389,2092317623,3192.24000000,0.00300000,True
1738032754470389,2092317624,3192.24000000,0.00300000,True
1738032754470389,2092317625,3192.24000000,0.18000000,True
1738032754470389,2092317626,3192.24000000,0.49810000,True
1738032754470389,2092317627,3192.24000000,0.01570000,True
1738032754470389,2092317628,3192.24000000,0.00300000,True
1738032754470389,2092317629,3192.24000000,0.00300000,True
1738032754470389,2092317630,3192.24000000,0.00300000,True
1738032754470389,2092317631,3192.24000000,0.00300000,True
1738032754470389,2092317632,3192.24000000,0.00300000,True
1738032754470389,2092317633,3192.23000000,0.00300000,True
1738032754470389,2092317634,3192.23000000,0.00160000,True
1738032754470389,2092317635,3192.22000000,0.00300000,True
1738032754483737,2092317636,3192.20000000,0.00300000,True
1738032754483737,2092317637,3192.19000000,0.00160000,True
1738032754483737,2092317638,3192.19000000,0.00300000,True
1738032754553457,2092317639,3192.05000000,0.00300000,True
1738032754553457,2092317640,3192.05000000,0.00300000,True
1738032754553457,2092317641,3192.05000000,0.00300000,True
1738032754553457,2092317642,3192.05000000,0.00300000,True
1738032754553457,2092317643,3192.05000000,0.00170000,True
1738032754553457,2092317644,3192.05000000,0.00300000,True
1738032754553457,2092317645,3192.05000000,0.00300000,True
1738032754553457,2092317646,3192.04000000,0.00590000,True
1738032754553457,2092317647,3192.04000000,0.00300000,True
1738032754553457,2092317648,3192.04000000,0.00170000,True
1738032754553457,2092317649,3192.04000000,0.00180000,True
1738032754553457,2092317650,3192.00000000,0.00330000,True
1738032754553457,2092317651,3192.00000000,0.00170000,True
1738032754553457,2092317652,3192.00000000,0.00300000,True
1738032754648037,2092317653,3192.00000000,0.01560000,False
1738032754704545,2092317654,3191.99000000,0.00170000,True
1738032754704545,2092317655,3191.99000000,0.00300000,True
1738032754704545,2092317656,3191.99000000,0.00300000,True
1738032754704545,2092317657,3191.99000000,0.00300000,True
1738032754704545,2092317658,3191.99000000,0.00300000,True
1738032754704545,2092317659,3191.99000000,0.00300000,True
1738032754704545,2092317660,3191.99000000,0.00300000,True
1738032754704545,2092317661,3191.99000000,0.00170000,True
1738032754704545,2092317662,3191.99000000,0.00490000,True
1738032754704545,2092317663,3191.97000000,0.00160000,True
1738032754704545,2092317664,3191.97000000,0.00300000,True
1738032754704545,2092317665,3191.95000000,0.00300000,True
1738032754706639,2092317666,3191.94000000,0.00300000,True
1738032754706639,2092317667,3191.94000000,0.00300000,True
1738033490473659,2092338128,3182.01000000,0.01240000,False
1738033490883994,2092338129,3182.00000000,0.05670000,True
1738033491128891,2092338130,3182.01000000,0.06620000,False
1738033491586189,2092338131,3182.01000000,0.12590000,False
1738033492668901,2092338132,3182.00000000,0.06210000,True
1738033492991340,2092338133,3182.01000000,0.00530000,False
1738033493162914,2092338134,3182.01000000,0.00260000,False
1738033493261407,2092338135,3182.00000000,0.00450000,True
1738033493699430,2092338136,3182.00000000,0.17410000,True
1738033493699430,2092338137,3182.00000000,0.00320000,True
1738033493699430,2092338138,3182.00000000,0.31420000,True
1738033493699430,2092338139,3182.00000000,0.03870000,True
1738033493999906,2092338140,3182.00000000,0.93840000,True
1738033494000511,2092338141,3182.00000000,0.00300000,True
1738033494000511,2092338142,3182.00000000,0.00160000,True
1738033494000511,2092338143,3182.00000000,0.00300000,True
1738033494000511,2092338144,3182.00000000,0.00210000,True
1738033494000511,2092338145,3182.00000000,0.55760000,True
1738033494000511,2092338146,3182.00000000,0.00170000,True
1738033494000511,2092338147,3182.00000000,0.00180000,True
1738033494000511,2092338148,3182.00000000,1.65940000,True
1738033494000511,2092338149,3182.00000000,0.00300000,True
1738033494000511,2092338150,3182.00000000,0.00300000,True
1738033494000511,2092338151,3182.00000000,0.03100000,True
1738033494000511,2092338152,3182.00000000,0.01870000,True
1738033494000511,2092338153,3182.00000000,0.03140000,True
1738033494000511,2092338154,3182.00000000,0.19060000,True
1738033494000511,2092338155,3182.00000000,0.48070000,True
1738033495330430,2092338156,3182.00000000,0.00300000,True
1738033495330430,2092338157,3182.00000000,0.00300000,True
1738033495330430,2092338158,3182.00000000,0.01270000,True
1738033495609972,2092338159,3182.01000000,0.00310000,False
1738033495696750,2092338160,3182.01000000,0.03170000,False
1738033496082704,2092338161,3182.00000000,0.00900000,True
1738033496789815,2092338162,3182.01000000,0.19390000,False
1738033498536418,2092338163,3182.00000000,0.16900000,True
1738033498536418,2092338164,3182.00000000,0.45570000,True
1738033498536418,2092338165,3182.00000000,0.00160000,True
1738033498536418,2092338166,3182.00000000,0.19060000,True
1738033498536418,2092338167,3182.00000000,0.03100000,True
1738033498536418,2092338168,3182.00000000,0.00300000,True
1738033498536418,2092338169,3182.00000000,0.00300000,True
1738033498536418,2092338170,3182.00000000,0.00300000,True
1738033498536418,2092338171,3182.00000000,0.00300000,True
1738033498536418,2092338172,3182.00000000,0.00300000,True
1738033498536418,2092338173,3182.00000000,0.04690000,True
1738033498536418,2092338174,3182.00000000,0.19750000,True
1738033498536418,2092338175,3182.00000000,0.00640000,True
1738033498536418,2092338176,3182.00000000,0.03580000,True
1738033498536418,2092338177,3182.00000000,0.53530000,True
1738033498536418,2092338178,3182.00000000,2.30600000,True
1738033498536418,2092338179,3182.00000000,2.67700000,True
1738033498536418,2092338180,3182.00000000,0.00170000,True
1738033498536418,2092338181,3182.00000000,0.00170000,True
1738033498536418,2092338182,3182.00000000,2.16890000,True
1738033498536418,2092338183,3182.00000000,0.00300000,True
1738033498536418,2092338184,3182.00000000,0.05720000,True
1738033498677920,2092338185,3182.01000000,0.00940000,False
1738033499029615,2092338186,3182.00000000,0.24160000,True
1738033500106389,2092338187,3182.01000000,5.54950000,False
1738033500106389,2092338188,3182.01000000,6.00000000,False
1738033500106389,2092338189,3182.01000000,0.47130000,False
1738033500106389,2092338190,3182.01000000,0.18850000,False
1738033500106389,2092338191,3182.01000000,0.94260000,False
1738033500106389,2092338192,3182.01000000,0.00300000,False
1738033500106389,2092338193,3182.01000000,0.62850000,False
1738033500106389,2092338194,3182.01000000,0.00300000,False
1738033500106389,2092338195,3182.01000000,0.00300000,False
1738033500106389,2092338196,3182.01000000,0.00300000,False
1738033500106389,2092338197,3182.01000000,0.00170000,False
1738033500106389,2092338198,3182.01000000,0.00300000,False
1738033500106389,2092338199,3182.01000000,0.00160000,False
1738033500106389,2092338200,3182.01000000,4.00000000,False
1738033500106389,2092338201,3182.01000000,0.00220000,False
1738033500106389,2092338202,3182.01000000,0.00300000,False
1738033500106389,2092338203,3182.01000000,0.00010000,False
1738033500108282,2092338204,3182.02000000,0.00300000,False
1738033500108282,2092338205,3182.02000000,0.00170000,False
1738033500108282,2092338206,3182.03000000,0.00300000,False
1738033500108282,2092338207,3182.03000000,0.00170000,False
1738033500108282,2092338208,3182.03000000,0.00170000,False
1738033500108282,2092338209,3182.03000000,0.00170000,False
1738033500108282,2092338210,3182.03000000,0.00170000,False
1738033500108282,2092338211,3182.04000000,0.00170000,False
1738033500108282,2092338212,3182.04000000,0.00300000,False
1738033500111075,2092338213,3182.05000000,0.00300000,False
1738033500111075,2092338214,3182.05000000,0.00170000,False
1738033500114125,2092338215,3182.13000000,0.00170000,False
1738033500126003,2092338216,3182.20000000,0.00170000,False
1738033500126003,2092338217,3182.20000000,0.00170000,False
1738033500126003,2092338218,3182.20000000,0.00170000,False
1738033500126003,2092338219,3182.20000000,0.00300000,False
1738033500126003,2092338220,3182.20000000,0.00300000,False
1738033500126003,2092338221,3182.20000000,0.00300000,False
1738033500126003,2092338222,3182.20000000,0.00170000,False
1738033500137544,2092338223,3182.21000000,0.10120000,False
1738033500137544,2092338224,3182.21000000,0.00170000,False
1738033500137544,2092338225,3182.21000000,0.00300000,False
1738033500137544,2092338226,3182.28000000,0.00170000,False
1738033500137544,2092338227,3182.28000000,0.00300000,False
1738033500137544,2092338228,3182.33000000,0.00240000,False
1738033500137544,2092338229,3182.33000000,0.00170000,False
1738033500137544,2092338230,3182.33000000,0.00300000,False
1738033500137544,2092338231,3182.36000000,0.00170000,False
1738033500137544,2092338232,3182.36000000,0.00220000,False
1738033500137544,2092338233,3182.36000000,0.00220000,False
1738033500137544,2092338234,3182.36000000,0.00300000,False
1738033500137544,2092338235,3182.37000000,0.00170000,False
1738033500137544,2092338236,3182.39000000,0.03410000,False
1738033500137544,2092338237,3182.39000000,0.00170000,False
1738033500137544,2092338238,3182.39000000,0.00170000,False
1738033500137544,2092338239,3182.39000000,0.00170000,False
1738033500137544,2092338240,3182.39000000,0.00170000,False
1738033500137544,2092338241,3182.40000000,0.00330000,False
1738033500137544,2092338242,3182.40000000,0.00320000,False
1738033500137544,2092338243,3182.40000000,0.03550000,False
1738033500137544,2092338244,3182.40000000,0.00170000,False
1738033500137544,2092338245,3182.41000000,0.00160000,False
1738033500137544,2092338246,3182.41000000,0.00170000,False
1738033500137544,2092338247,3182.42000000,0.00160000,False
1738033500137544,2092338248,3182.42000000,0.00170000,False
1738033500137544,2092338249,3182.42000000,0.00170000,False
1738033500137544,2092338250,3182.42000000,0.00170000,False
1738033500137544,2092338251,3182.42000000,0.00160000,False
1738033500137544,2092338252,3182.42000000,0.00170000,False
1738033500137544,2092338253,3182.42000000,0.00160000,False
1738033500137544,2092338254,3182.42000000,0.00160000,False
1738033500137544,2092338255,3182.42000000,0.00160000,False
1738033500137544,2092338256,3182.42000000,0.00160000,False
1738033500137544,2092338257,3182.42000000,0.00160000,False
1738033500137544,2092338258,3182.42000000,0.00160000,False
1738033500137544,2092338259,3182.42000000,0.00160000,False
1738033500137544,2092338260,3182.42000000,0.00160000,False
1738033500137544,2092338261,3182.43000000,0.00160000,False
1738033500137544,2092338262,3182.43000000,0.00160000,False
1738033500137544,2092338263,3182.43000000,0.00160000,False
1738033500137544,2092338264,3182.43000000,0.00160000,False
1738033500137544,2092338265,3182.43000000,0.00160000,False
1738033500137544,2092338266,3182.43000000,0.00160000,False
1738033500137544,2092338267,3182.43000000,0.00160000,False
1738033500137544,2092338268,3182.43000000,0.00160000,False
1738033500137544,2092338269,3182.43000000,0.00160000,False
1738033500137544,2092338270,3182.43000000,0.00160000,False
1738033500137544,2092338271,3182.45000000,1.34480000,False
1738033500137976,2092338272,3182.45000000,0.62310000,False
1738033500137976,2092338273,3182.45000000,0.00160000,False
1738033500137976,2092338274,3182.45000000,0.00160000,False
1738033500137976,2092338275,3182.45000000,0.00160000,False
1738033500137976,2092338276,3182.45000000,0.00160000,False
1738033500137976,2092338277,3182.45000000,0.00160000,False
1738033500137976,2092338278,3182.45000000,0.00160000,False
1738033500137976,2092338279,3182.45000000,0.00160000,False
1738033500137976,2092338280,3182.45000000,0.00160000,False
1738033500137976,2092338281,3182.45000000,0.00160000,False
1738033500137976,2092338282,3182.45000000,0.00160000,False
1738033500137976,2092338283,3182.50000000,0.16090000,False
1738033500347353,2092338284,3182.50000000,0.00610000,False
1738033500564952,2092338285,3182.50000000,0.14460000,False
1738033500816954,2092338286,3182.50000000,0.00260000,False
1738033500816954,2092338287,3182.50000000,0.00170000,False
1738033500816954,2092338288,3182.50000000,0.00300000,False
1738033500816954,2092338289,3182.50000000,0.00300000,False
1738033500816954,2092338290,3182.50000000,0.00300000,False
1738033500816954,2092338291,3182.50000000,0.00300000,False
1738033500816954,2092338292,3182.50000000,0.00300000,False
1738033500816954,2092338293,3182.50000000,0.00300000,False
1738033500816954,2092338294,3182.50000000,0.00280000,False
1738033500816954,2092338295,3182.50000000,0.00300000,False
1738033500816954,2092338296,3182.50000000,0.00300000,False
1738033500816954,2092338297,3182.50000000,0.00170000,False
1738033500816954,2092338298,3182.50000000,0.00410000,False
1738033500816954,2092338299,3182.51000000,0.00300000,False
1738033500816954,2092338300,3182.51000000,0.00170000,False
1738033500816954,2092338301,3182.52000000,0.00170000,False
1738033500816954,2092338302,3182.52000000,0.00300000,False
1738033500816954,2092338303,3182.52000000,0.00160000,False
1738033500816954,2092338304,3182.52000000,0.00170000,False
1738033500816954,2092338305,3182.52000000,0.00170000,False
1738033500816954,2092338306,3182.52000000,0.00170000,False
1738033500816954,2092338307,3182.53000000,0.00160000,False
1738033500816954,2092338308,3182.53000000,0.00170000,False
1738033500816954,2092338309,3182.53000000,0.00300000,False
1738033500816954,2092338310,3182.53000000,0.00170000,False
1738033500816954,2092338311,3182.53000000,0.00170000,False
1738033500816954,2092338312,3182.53000000,0.00200000,False
1738033500816954,2092338313,3182.53000000,0.00200000,False
1738033500816954,2092338314,3182.53000000,0.00160000,False
1738033500816954,2092338315,3182.53000000,0.00170000,False
1738033500816954,2092338316,3182.53000000,0.00160000,False
1738033500816954,2092338317,3182.53000000,0.00160000,False
1738033500816954,2092338318,3182.53000000,0.00160000,False
1738033500816954,2092338319,3182.53000000,0.00160000,False
1738033500816954,2092338320,3182.53000000,0.00160000,False
1738033500816954,2092338321,3182.53000000,0.00160000,False
1738033500816954,2092338322,3182.53000000,0.00160000,False
1738033500816954,2092338323,3182.53000000,0.00160000,False
1738033501022889,2092338324,3182.54000000,0.07850000,False
1738033501071958,2092338325,3182.53000000,1.09820000,True
1738033501071985,2092338326,3182.53000000,4.90180000,True
1738033501071985,2092338327,3182.53000000,6.00000000,True
1738033501071985,2092338328,3182.53000000,0.37760000,True
1738033501071985,2092338329,3182.53000000,0.40700000,True
1738033501071985,2092338330,3182.53000000,0.00300000,True
1738033501071985,2092338331,3182.53000000,4.31840000,True
1738033501071985,2092338332,3182.53000000,0.00300000,True
1738033501071985,2092338333,3182.53000000,0.00300000,True
1738033501071985,2092338334,3182.53000000,0.00300000,True
1738033501071985,2092338335,3182.53000000,0.00300000,True
1738033501071985,2092338336,3182.53000000,0.00300000,True
1738033501071985,2092338337,3182.53000000,0.00750000,True
1738033501071985,2092338338,3182.53000000,3.29920000,True
1738033501071985,2092338339,3182.53000000,0.00490000,True
1738033501071985,2092338340,3182.53000000,0.01640000,True
1738033501072163,2092338341,3182.52000000,0.00300000,True
1738033501072163,2092338342,3182.52000000,0.00170000,True
1738033501072163,2092338343,3182.52000000,0.00170000,True
1738033501072163,2092338344,3182.52000000,0.00170000,True
1738033501072163,2092338345,3182.51000000,0.00300000,True
1738033501072525,2092338346,3182.50000000,0.00300000,True
1738033501072871,2092338347,3182.49000000,0.00300000,True
1738033501072871,2092338348,3182.49000000,0.00960000,True
1738033501072871,2092338349,3182.49000000,0.00230000,True
1738033501072871,2092338350,3182.49000000,0.46240000,True
1738033501072871,2092338351,3182.49000000,0.03100000,True
1738033501072871,2092338352,3182.49000000,0.04820000,True
1738033501072871,2092338353,3182.48000000,0.48680000,True
1738033501074084,2092338354,3182.40000000,0.00330000,True
1738033501075249,2092338355,3182.38000000,0.03140000,True
1738033501076291,2092338356,3182.39000000,0.00170000,True
1738033501076291,2092338357,3182.39000000,0.00170000,True
1738033501076291,2092338358,3182.39000000,0.00170000,True
1738033501078646,2092338359,3182.37000000,0.00160000,True
1738033501078646,2092338360,3182.32000000,0.00160000,True
1738033501078646,2092338361,3182.32000000,0.00160000,True
1738033501078646,2092338362,3182.32000000,0.00160000,True
1738033501078646,2092338363,3182.32000000,0.00160000,True
1738033501078646,2092338364,3182.32000000,0.00160000,True
1738033501078646,2092338365,3182.32000000,0.00160000,True
1738033501078646,2092338366,3182.32000000,0.00160000,True
1738033501078646,2092338367,3182.32000000,0.00160000,True
1738033501078646,2092338368,3182.32000000,0.00160000,True
1738033501078646,2092338369,3182.32000000,0.00160000,True
1738033501078646,2092338370,3182.31000000,0.00170000,True
1738033501078646,2092338371,3182.31000000,0.00170000,True
1738033501078646,2092338372,3182.31000000,0.00160000,True
1738033501078646,2092338373,3182.31000000,0.00170000,True
1738033501109105,2092338374,3182.30000000,0.01570000,False
1738033501230283,2092338375,3182.30000000,0.01570000,False
1738033501232267,2092338376,3182.29000000,0.00300000,True
1738033501232267,2092338377,3182.29000000,0.00170000,True
1738033501232267,2092338378,3182.29000000,0.00300000,True
1738033501232267,2092338379,3182.29000000,0.00300000,True
1738033501232267,2092338380,3182.29000000,0.00300000,True
1738033501232267,2092338381,3182.29000000,0.00300000,True
1738033501232267,2092338382,3182.29000000,0.00490000,True
1738033501232267,2092338383,3182.29000000,0.00300000,True
1738033501232267,2092338384,3182.28000000,0.00170000,True
1738033501232267,2092338385,3182.28000000,0.00300000,True
1738033501232267,2092338386,3182.28000000,0.00160000,True
1738033501232267,2092338387,3182.27000000,0.00300000,True
1738033501232267,2092338388,3182.27000000,0.00170000,True
1738033501232267,2092338389,3182.25000000,0.00170000,True
1738033501232267,2092338390,3182.25000000,0.00300000,True
1738033501232267,2092338391,3182.25000000,0.00160000,True
1738033501234435,2092338392,3182.23000000,0.00300000,True
1738033501234435,2092338393,3182.22000000,0.00170000,True
1738033501234435,2092338394,3182.22000000,0.00170000,True
1738033501234435,2092338395,3182.22000000,0.00170000,True
1738033501234435,2092338396,3182.21000000,0.03090000,True
1738033501234435,2092338397,3182.21000000,0.00160000,True
1738033501239667,2092338398,3182.21000000,0.15000000,False
1738033501322610,2092338399,3182.21000000,0.00220000,False
1738033501416960,2092338400,3182.20000000,0.00160000,True
1738033501416960,2092338401,3182.20000000,0.00300000,True
1738033501416960,2092338402,3182.20000000,0.00300000,True
1738033501416960,2092338403,3182.20000000,0.00300000,True
1738033501416960,2092338404,3182.20000000,0.00300000,True
1738033501416960,2092338405,3182.20000000,0.00300000,True
1738033501416960,2092338406,3182.20000000,0.00170000,True
1738033501416960,2092338407,3182.20000000,0.00300000,True
1738033501416960,2092338408,3182.20000000,0.00490000,True
1738033501416960,2092338409,3182.20000000,0.00160000,True
1738033501416960,2092338410,3182.20000000,0.00160000,True
1738033501416960,2092338411,3182.20000000,0.00160000,True
1738033501416960,2092338412,3182.20000000,0.00160000,True
1738033501416960,2092338413,3182.20000000,0.00160000,True
1738033501416960,2092338414,3182.20000000,0.00160000,True
1738033501416960,2092338415,3182.20000000,0.00160000,True
1738033501416960,2092338416,3182.20000000,0.00160000,True
1738033501416960,2092338417,3182.20000000,0.00160000,True
1738033501416960,2092338418,3182.19000000,0.00300000,True
1738033501416960,2092338419,3182.18000000,0.00170000,True
1738033501416960,2092338420,3182.18000000,0.00170000,True
1738033501416960,2092338421,3182.18000000,0.00300000,True
1738033501416960,2092338422,3182.18000000,0.00160000,True
1738033501416960,2092338423,3182.18000000,0.00170000,True
1738033501416960,2092338424,3182.17000000,0.05000000,True
1738033501416960,2092338425,3182.17000000,0.00170000,True
1738033501416960,2092338426,3182.17000000,0.00300000,True
1738033501416960,2092338427,3182.15000000,0.00300000,True
1738033501416960,2092338428,3182.11000000,0.00160000,True
1738033501416960,2092338429,3182.11000000,0.00180000,True
1738033501416960,2092338430,3182.09000000,0.00160000,True
1738033501416960,2092338431,3182.09000000,0.00170000,True
1738033501416960,2092338432,3182.09000000,0.00170000,True
1738033501416960,2092338433,3182.09000000,0.00170000,True
1738033501416960,2092338434,3182.08000000,0.00320000,True
1738033501416960,2092338435,3182.08000000,0.10110000,True
1738033501416960,2092338436,3182.01000000,0.00170000,True
1738033501416960,2092338437,3182.01000000,0.00240000,True
1738033501416960,2092338438,3182.01000000,0.00240000,True
1738033501416960,2092338439,3182.01000000,0.00170000,True
1738033501416960,2092338440,3182.01000000,0.00170000,True
1738033502531853,2092338441,3182.01000000,0.04570000,False
1738033502683831,2092338442,3182.00000000,0.01130000,True
1738033502920989,2092338443,3182.01000000,0.12690000,False
1738033503241641,2092338444,3182.01000000,0.29580000,False
1738033503276046,2092338445,3182.00000000,0.00630000,True
1738033503581351,2092338446,3182.01000000,0.00180000,False
1738033509362035,2092338696,3182.20000000,0.00300000,True
1738033509362035,2092338697,3182.20000000,0.00170000,True
1738033509362035,2092338698,3182.20000000,0.00030000,True
1738033509554485,2092338699,3182.20000000,0.00270000,True
1738033509554485,2092338700,3182.20000000,0.00300000,True
1738033509554485,2092338701,3182.20000000,0.00300000,True
1738033509554485,2092338702,3182.20000000,0.00260000,True
1738033509768884,2092338703,3182.21000000,0.00280000,False
1738033509817043,2092338704,3182.20000000,0.00300000,True
1738033509817043,2092338705,3182.20000000,0.00300000,True
1738033509817043,2092338706,3182.20000000,0.00270000,True
1738033509817043,2092338707,3182.20000000,0.47390000,True
1738033509817043,2092338708,3182.20000000,0.00630000,True
1738033509817043,2092338709,3182.20000000,0.10290000,True
1738033509817043,2092338710,3182.20000000,0.00560000,True
1738033509817043,2092338711,3182.20000000,0.00300000,True
1738033509817043,2092338712,3182.20000000,0.00300000,True
1738033509817043,2092338713,3182.20000000,0.00300000,True
1738033509817043,2092338714,3182.20000000,0.00300000,True
1738033509817043,2092338715,3182.18000000,0.00300000,True
1738033509817043,2092338716,3182.18000000,0.00160000,True
1738033509817043,2092338717,3182.17000000,0.00300000,True
1738033509817043,2092338718,3182.16000000,0.00300000,True
1738033509817043,2092338719,3182.15000000,0.00160000,True
1738033509817043,2092338720,3182.15000000,0.00300000,True
1738033509817043,2092338721,3182.09000000,0.00170000,True
1738033509817043,2092338722,3182.09000000,0.00170000,True
1738033509817043,2092338723,3182.09000000,0.00170000,True
1738033509967278,2092338724,3182.08000000,0.00300000,True
1738033509967278,2092338725,3182.08000000,0.00300000,True
1738033509967278,2092338726,3182.08000000,0.00300000,True
1738033509967278,2092338727,3182.08000000,0.00180000,True
1738033509967278,2092338728,3182.08000000,0.00300000,True
1738033509967278,2092338729,3182.08000000,0.00300000,True
1738033509967278,2092338730,3182.08000000,0.00300000,True
1738033509967278,2092338731,3182.08000000,0.00170000,True
1738033509967278,2092338732,3182.08000000,0.00160000,True
1738033509967278,2092338733,3182.08000000,0.00490000,True
1738033509967278,2092338734,3182.08000000,0.00160000,True
1738033509967278,2092338735,3182.08000000,0.00160000,True
1738033509967278,2092338736,3182.08000000,0.00160000,True
1738033509967278,2092338737,3182.08000000,0.00160000,True
1738033509967278,2092338738,3182.08000000,0.00160000,True
1738033509967278,2092338739,3182.08000000,0.00160000,True
1738033509967278,2092338740,3182.08000000,0.00160000,True
1738033509967278,2092338741,3182.08000000,0.00160000,True
1738033509967278,2092338742,3182.08000000,0.00160000,True
1738033509967278,2092338743,3182.06000000,0.00170000,True
1738033509967278,2092338744,3182.06000000,0.00170000,True
1738033509967278,2092338745,3182.06000000,0.00300000,True
1738033509967278,2092338746,3182.06000000,0.00170000,True
1738033509967278,2092338747,3182.06000000,0.00160000,True
1738033509967278,2092338748,3182.06000000,0.00170000,True
1738033510023434,2092338749,3182.05000000,0.03090000,True
1738033510023434,2092338750,3182.05000000,0.00300000,True
1738033510023434,2092338751,3182.05000000,0.00170000,True
1738033510023434,2092338752,3182.05000000,0.00300000,True
1738033510023434,2092338753,3182.05000000,0.00300000,True
1738033510023434,2092338754,3182.05000000,0.00300000,True
1738033510023434,2092338755,3182.05000000,0.00300000,True
1738033510023434,2092338756,3182.05000000,0.00300000,True
1738033510023434,2092338757,3182.03000000,0.00180000,True
1738033510023434,2092338758,3182.03000000,0.00300000,True
1738033510023434,2092338759,3182.03000000,0.00170000,True
1738033510023434,2092338760,3182.02000000,0.00160000,True
1738033510023434,2092338761,3182.02000000,0.00300000,True
1738033510023434,2092338762,3182.01000000,0.00300000,True
1738033510216676,2092338763,3181.99000000,0.00180000,True
1738033510216676,2092338764,3181.99000000,0.00300000,True
1738033510216676,2092338765,3181.99000000,0.00160000,True
1738033510216676,2092338766,3181.99000000,0.00300000,True
1738033510216676,2092338767,3181.99000000,0.00300000,True
1738033510216676,2092338768,3181.99000000,0.00160000,True
1738033510216676,2092338769,3181.99000000,0.00300000,True
1738033510216676,2092338770,3181.99000000,0.00300000,True
1738033510216676,2092338771,3181.99000000,0.00170000,True
1738033510216676,2092338772,3181.99000000,0.00300000,True
1738033510216676,2092338773,3181.99000000,0.00490000,True
1738033510216676,2092338774,3181.99000000,0.00160000,True
1738033510216676,2092338775,3181.99000000,0.00160000,True
1738033510216676,2092338776,3181.99000000,0.00160000,True
1738033510216676,2092338777,3181.99000000,0.00160000,True
1738033510216676,2092338778,3181.99000000,0.00160000,True
1738033510216676,2092338779,3181.99000000,0.00160000,True
1738033510216676,2092338780,3181.99000000,0.00160000,True
1738033510216676,2092338781,3181.99000000,0.00160000,True
1738033510216676,2092338782,3181.99000000,0.00160000,True
1738033510216676,2092338783,3181.99000000,0.00160000,True
1738033510216676,2092338784,3181.99000000,0.00160000,True
1738033510216676,2092338785,3181.99000000,0.00160000,True
1738033510216676,2092338786,3181.99000000,0.00160000,True
1738033510216676,2092338787,3181.99000000,0.00160000,True
1738033510216676,2092338788,3181.99000000,0.00160000,True
1738033510216676,2092338789,3181.99000000,0.00160000,True
1738033510216676,2092338790,3181.99000000,0.00160000,True
1738033510216676,2092338791,3181.99000000,0.00160000,True
1738033510216676,2092338792,3181.98000000,0.00170000,True
1738033510216676,2092338793,3181.98000000,0.00170000,True
1738033510216676,2092338794,3181.98000000,0.00200000,True
1738033510216676,2092338795,3181.98000000,0.00200000,True
1738033510216676,2092338796,3181.98000000,0.00300000,True
1738033510216676,2092338797,3181.98000000,0.00170000,True
1738033510216676,2092338798,3181.97000000,0.38320000,True
1738033510216676,2092338799,3181.97000000,0.00300000,True
1738033510216676,2092338800,3181.96000000,0.00160000,True
1738033510216676,2092338801,3181.96000000,0.00300000,True
1738033510216676,2092338802,3181.95000000,0.00160000,True
1738033510216676,2092338803,3181.95000000,0.00180000,True
1738033510216676,2092338804,3181.95000000,0.00300000,True
1738033510216676,2092338805,3181.93000000,0.00160000,True
1738033510216676,2092338806,3181.92000000,0.00330000,True
1738033510216676,2092338807,3181.91000000,0.00170000,True
1738033510216676,2092338808,3181.91000000,0.00170000,True
1738033510216676,2092338809,3181.91000000,0.00170000,True
1738033510930401,2092338810,3181.91000000,0.23660000,False
1738033511220537,2092338811,3181.91000000,0.05590000,False
1738033512121710,2092338812,3181.90000000,0.00300000,True
1738033512121710,2092338813,3181.90000000,0.00300000,True
1738033512121710,2092338814,3181.90000000,0.00300000,True
1738033512121710,2092338815,3181.90000000,0.00300000,True
1738033512121710,2092338816,3181.90000000,0.00300000,True
1738033512121710,2092338817,3181.90000000,0.03090000,True
1738033512121710,2092338818,3181.90000000,0.00170000,True
1738033512121710,2092338819,3181.90000000,0.01830000,True
1738033512121710,2092338820,3181.90000000,0.00500000,True
1738033512121710,2092338821,3181.90000000,0.00300000,True
1738033512121710,2092338822,3181.90000000,0.01480000,True
1738033512121710,2092338823,3181.89000000,0.00170000,True
1738033512121710,2092338824,3181.89000000,0.00170000,True
1738033512121710,2092338825,3181.89000000,0.00300000,True
1738033512121710,2092338826,3181.89000000,0.00170000,True
1738033512121710,2092338827,3181.88000000,0.05000000,True
1738033512121710,2092338828,3181.88000000,0.00300000,True
1738033512121710,2092338829,3181.87000000,0.00180000,True
1738033512121710,2092338830,3181.87000000,0.00300000,True
1738033512121710,2092338831,3181.86000000,0.00180000,True
1738033512121710,2092338832,3181.86000000,0.00160000,True
1738033512121710,2092338833,3181.86000000,0.00160000,True
1738033512121710,2092338834,3181.86000000,0.00300000,True
1738033512121710,2092338835,3181.86000000,0.00160000,True
1738033512121710,2092338836,3181.86000000,0.00160000,True
1738033512121710,2092338837,3181.86000000,0.00160000,True
1738033512121710,2092338838,3181.86000000,0.00160000,True
1738033512121710,2092338839,3181.86000000,0.00160000,True
1738033512121710,2092338840,3181.86000000,0.00160000,True
1738033512121710,2092338841,3181.86000000,0.00160000,True
1738033512121710,2092338842,3181.86000000,0.00160000,True
1738033512121710,2092338843,3181.86000000,0.00160000,True
1738033512121710,2092338844,3181.81000000,0.00320000,True
1738033512121710,2092338845,3181.79000000,0.00160000,True
1738033512121710,2092338846,3181.78000000,0.00170000,True
1738033512121710,2092338847,3181.78000000,0.00170000,True
1738033512121710,2092338848,3181.78000000,0.00170000,True
1738033512121710,2092338849,3181.77000000,0.10100000,True
1738033512121710,2092338850,3181.77000000,0.00160000,True
1738033512121710,2092338851,3181.76000000,0.00170000,True
1738033512121710,2092338852,3181.76000000,0.00170000,True
1738033512121710,2092338853,3181.76000000,0.00170000,True
1738033512679629,2092338854,3181.76000000,0.00420000,False
1738033512698396,2092338855,3181.75000000,0.00300000,True
1738033512698396,2092338856,3181.75000000,0.00300000,True
1738033512698396,2092338857,3181.75000000,0.00300000,True
1738033512698396,2092338858,3181.75000000,0.00170000,True
1738033512698396,2092338859,3181.75000000,0.00300000,True
1738033512698396,2092338860,3181.75000000,0.00300000,True
1738033512698396,2092338861,3181.75000000,0.00300000,True
1738033512698396,2092338862,3181.74000000,0.00170000,True
1738033512698396,2092338863,3181.74000000,0.00300000,True
1738033512698396,2092338864,3181.73000000,0.00170000,True
1738033512698396,2092338865,3181.73000000,0.00300000,True
1738033512698396,2092338866,3181.72000000,0.00170000,True
1738033512698396,2092338867,3181.72000000,0.00300000,True
1738033512702413,2092338868,3181.71000000,0.00300000,True
1738033512702413,2092338869,3181.71000000,0.00300000,True
1738033512702413,2092338870,3181.71000000,0.00300000,True
1738033512717195,2092338871,3181.67000000,0.00320000,True
1738033512717195,2092338872,3181.67000000,0.00300000,True
1738033512717195,2092338873,3181.67000000,0.00300000,True
1738033512717195,2092338874,3181.67000000,0.00300000,True
1738033512717195,2092338875,3181.67000000,0.00300000,True
1738033512717195,2092338876,3181.67000000,0.00300000,True
1738033512717195,2092338877,3181.67000000,0.00170000,True
1738033512717195,2092338878,3181.67000000,0.00300000,True
1738033512717195,2092338879,3181.60000000,0.00160000,True
1738033512717195,2092338880,3181.60000000,0.00300000,True
1738033512717195,2092338881,3181.60000000,0.00170000,True
1738033512717195,2092338882,3181.60000000,0.00160000,True
1738033512717195,2092338883,3181.60000000,0.00160000,True
1738033512717195,2092338884,3181.60000000,0.00160000,True
1738033512717195,2092338885,3181.60000000,0.00160000,True
1738033512717195,2092338886,3181.60000000,0.00160000,True
1738033512717195,2092338887,3181.60000000,0.00160000,True
1738033512717195,2092338888,3181.60000000,0.00160000,True
1738033512717195,2092338889,3181.60000000,0.00160000,True
1738033512717195,2092338890,3181.60000000,0.00160000,True
1738033512717195,2092338891,3181.59000000,0.00170000,True
1738033512717195,2092338892,3181.59000000,0.00170000,True
1738033512717195,2092338893,3181.59000000,0.00300000,True
1738033512717195,2092338894,3181.59000000,0.00170000,True
1738033513148959,2092338895,3181.58000000,0.09500000,True
1738033513179525,2092338896,3181.59000000,0.54950000,False
1738033513345339,2092338897,3181.59000000,0.03330000,False
1738033513493246,2092338898,3181.58000000,1.50120000,True
1738033515077934,2092338899,3181.58000000,2.49500000,True
1738033515769168,2092338900,3181.59000000,0.00360000,False
1738033516731664,2092338901,3181.58000000,0.09420000,True
1738033516977789,2092338902,3181.58000000,0.49450000,True
1738033516978964,2092338903,3181.58000000,5.32010000,True
1738033516978964,2092338904,3181.58000000,0.00300000,True
1738033516978964,2092338905,3181.58000000,0.00300000,True
1738033516978964,2092338906,3181.58000000,0.00300000,True
1738033516978964,2092338907,3181.58000000,0.00300000,True
1738033516978964,2092338908,3181.58000000,0.00170000,True
1738033516978964,2092338909,3181.58000000,0.00300000,True
1738033516978964,2092338910,3181.58000000,0.00300000,True
1738033516978964,2092338911,3181.58000000,1.18630000,True
1738033516978964,2092338912,3181.58000000,0.02010000,True
1738033516978964,2092338913,3181.58000000,0.00300000,True
1738033516979829,2092338914,3181.56000000,0.00320000,True
1738033516979829,2092338915,3181.56000000,0.00300000,True
1738033516979829,2092338916,3181.55000000,0.00300000,True
1738033516979829,2092338917,3181.54000000,0.00300000,True
1738033516979829,2092338918,3181.52000000,0.00300000,True
1738033516981123,2092338919,3181.51000000,0.00170000,True
1738033516981123,2092338920,3181.51000000,0.00170000,True
1738033516981123,2092338921,3181.51000000,0.00170000,True
1738033516981123,2092338922,3181.50000000,0.29260000,True
1738033516982141,2092338923,3181.50000000,0.02170000,True
1738033516982141,2092338924,3181.48000000,0.00320000,True
1738033516982363,2092338925,3181.44000000,0.00330000,True
1738033516982363,2092338926,3181.43000000,0.05000000,True
1738033516982363,2092338927,3181.41000000,0.03090000,True
1738033516982363,2092338928,3181.41000000,0.00170000,True
1738033516982363,2092338929,3181.41000000,0.00170000,True
1738033516982363,2092338930,3181.41000000,0.00180000,True
1738033516982363,2092338931,3181.41000000,0.00170000,True
1738033518098278,2092338932,3181.39000000,0.35590000,False
1738033518098278,2092338933,3181.39000000,0.55560000,False
1738033518171978,2092338934,3181.38000000,0.00320000,True
1738033518171978,2092338935,3181.38000000,0.00300000,True
1738033518171978,2092338936,3181.38000000,0.00300000,True
1738033518171978,2092338937,3181.38000000,0.00300000,True
1738033518171978,2092338938,3181.38000000,0.00300000,True
1738033518171978,2092338939,3181.38000000,0.00170000,True
1738033518171978,2092338940,3181.38000000,0.02220000,True
1738033518171978,2092338941,3181.38000000,0.01020000,True
1738033518171978,2092338942,3181.38000000,0.00180000,True
1738033518171978,2092338943,3181.38000000,0.00300000,True
1738033518171978,2092338944,3181.38000000,0.01870000,True
1738033518171978,2092338945,3181.38000000,2.10000000,True
1738033519675785,2092338946,3181.38000000,0.01870000,True
1738033522168514,2092338947,3181.39000000,0.00300000,False
1738033522168514,2092338948,3181.39000000,0.00290000,False
1738033522168514,2092338949,3181.39000000,0.00170000,False
1738033522168514,2092338950,3181.39000000,0.00240000,False
1738033522180546,2092338951,3181.39000000,0.05630000,False
1738033522550406,2092338952,3181.39000000,0.42590000,False
1738033522550406,2092338953,3181.39000000,0.45130000,False
1738033522550406,2092338954,3181.39000000,0.50830000,False
1738033522550406,2092338955,3181.39000000,0.00300000,False
1738033522550406,2092338956,3181.39000000,0.00170000,False
1738033522551647,2092338957,3181.40000000,0.00300000,False
1738033522551647,2092338958,3181.40000000,0.00170000,False
1738033522551647,2092338959,3181.41000000,0.00300000,False
1738033522551647,2092338960,3181.41000000,0.00170000,False
1738033522551647,2092338961,3181.41000000,0.00170000,False
1738033522551647,2092338962,3181.41000000,0.00170000,False
1738033522551647,2092338963,3181.41000000,0.00170000,False
1738033522551647,2092338964,3181.42000000,0.03820000,False
1738033522551647,2092338965,3181.42000000,0.00300000,False
1738033522551647,2092338966,3181.42000000,0.00170000,False
1738033522551647,2092338967,3181.43000000,0.00300000,False
1738033522551647,2092338968,3181.43000000,0.00170000,False
1738033522551647,2092338969,3181.44000000,0.00330000,False
1738033522551647,2092338970,3181.44000000,0.00170000,False
1738033522551647,2092338971,3181.50000000,0.00170000,False
1738033522551647,2092338972,3181.50000000,0.00170000,False
1738033522553561,2092338973,3181.50000000,0.00170000,False
1738033522553561,2092338974,3181.50000000,0.00170000,False
1738033522553561,2092338975,3181.51000000,0.00160000,False
1738033522553561,2092338976,3181.51000000,0.00170000,False
1738033522553561,2092338977,3181.52000000,0.00170000,False
1738033522618265,2092338978,3181.54000000,0.00300000,False
1738033522618265,2092338979,3181.54000000,0.00170000,False
1738033522618265,2092338980,3181.55000000,0.00300000,False
1738033522618265,2092338981,3181.55000000,0.00170000,False
1738033522618265,2092338982,3181.57000000,0.00160000,False
1738033522618265,2092338983,3181.57000000,0.00300000,False
1738033522618265,2092338984,3181.57000000,0.00170000,False
1738033522618265,2092338985,3181.58000000,0.00170000,False
1738033522618265,2092338986,3181.58000000,0.00170000,False
1738033522618265,2092338987,3181.58000000,0.00300000,False
1738033522618265,2092338988,3181.58000000,0.00170000,False
1738033522618265,2092338989,3181.58000000,0.00170000,False
1738033522618265,2092338990,3181.59000000,0.10130000,False
1738033522618265,2092338991,3181.59000000,0.00170000,False
1738033522618265,2092338992,3181.59000000,0.00300000,False
1738033522618265,2092338993,3181.60000000,0.00160000,False
1738033522618265,2092338994,3181.60000000,0.00170000,False
1738033522618265,2092338995,3181.61000000,0.00170000,False
1738033522618265,2092338996,3181.61000000,0.00170000,False
1738033522618265,2092338997,3181.61000000,0.00170000,False
1738033522618265,2092338998,3181.61000000,0.00170000,False
1738033522618265,2092338999,3181.62000000,0.00170000,False
1738033522618265,2092339000,3181.63000000,0.00160000,False
1738033522618265,2092339001,3181.65000000,0.00180000,False
1738033522618265,2092339002,3181.69000000,0.00180000,False
1738033522618265,2092339003,3181.71000000,0.05000000,False
1738033522618265,2092339004,3181.71000000,0.00170000,False
1738033522618265,2092339005,3181.72000000,0.00160000,False
1738033522618265,2092339006,3181.72000000,0.00160000,False
1738033522618265,2092339007,3181.72000000,0.00160000,False
1738033522618265,2092339008,3181.72000000,0.00160000,False
1738033522618265,2092339009,3181.72000000,0.00160000,False
1738033522618265,2092339010,3181.72000000,0.00160000,False
1738033522618265,2092339011,3181.72000000,0.00160000,False
1738033522618265,2092339012,3181.72000000,0.00160000,False
1738033522618265,2092339013,3181.72000000,0.00160000,False
1738033522618265,2092339014,3181.72000000,0.00160000,False
1738033522618265,2092339015,3181.74000000,0.00170000,False
1738033522618265,2092339016,3181.74000000,0.00170000,False
1738033522618265,2092339017,3181.74000000,0.00170000,False
1738033522809068,2092339018,3181.75000000,0.00490000,False
1738033522809068,2092339019,3181.75000000,0.00300000,False
1738033522809068,2092339020,3181.75000000,0.00170000,False
1738033522809068,2092339021,3181.75000000,0.10080000,False
1738033523177470,2092339022,3181.74000000,0.01130000,True
1738033524133393,2092339023,3181.74000000,1.11150000,True
1738033524133581,2092339024,3181.74000000,0.34830000,True
1738033524134138,2092339025,3181.74000000,0.36690000,True
1738033524134614,2092339026,3181.74000000,3.16200000,True
1738033524134614,2092339027,3181.74000000,4.31840000,True
1738033524134614,2092339028,3181.74000000,0.00570000,True
1738033524134614,2092339029,3181.74000000,0.00300000,True
1738033524134614,2092339030,3181.74000000,0.00300000,True
1738033524134614,2092339031,3181.74000000,0.00300000,True
1738033524134614,2092339032,3181.74000000,2.96040000,True
1738033524134614,2092339033,3181.74000000,0.00300000,True
1738033524134614,2092339034,3181.74000000,0.00300000,True
1738033524134614,2092339035,3181.74000000,0.00300000,True
1738033524134614,2092339036,3181.74000000,1.18050000,True
1738033524134614,2092339037,3181.74000000,0.00960000,True
1738033524134614,2092339038,3181.74000000,0.00300000,True
1738033524134614,2092339039,3181.74000000,0.00860000,True
1738033524134971,2092339040,3181.71000000,0.00300000,True
1738033524134971,2092339041,3181.71000000,0.00170000,True
1738033524134971,2092339042,3181.71000000,0.00170000,True
1738033524134971,2092339043,3181.71000000,0.00170000,True
1738033524134990,2092339044,3181.70000000,0.00300000,True
1738033524134990,2092339045,3181.70000000,0.03090000,True
1738033524134990,2092339046,3181.69000000,0.00300000,True
1738033524134990,2092339047,3181.68000000,0.00300000,True
1738033524134990,2092339048,3181.67000000,0.00170000,True
1738033524134990,2092339049,3181.67000000,0.00170000,True
1738033524134990,2092339050,3181.67000000,0.00170000,True
1738033524135405,2092339051,3181.66000000,0.00180000,True
1738033524135405,2092339052,3181.66000000,0.44950000,True
1738033524197372,2092339053,3181.63000000,0.00160000,True
1738033524218217,2092339054,3181.63000000,0.00010000,True
1738033524218217,2092339055,3181.63000000,0.00170000,True
1738033524218217,2092339056,3181.63000000,0.00160000,True
1738033524218217,2092339057,3181.63000000,0.00300000,True
1738033524218217,2092339058,3181.63000000,0.00300000,True
1738033524218217,2092339059,3181.63000000,0.00300000,True
1738033524218217,2092339060,3181.63000000,0.00300000,True
1738033524218217,2092339061,3181.63000000,0.00300000,True
1738033524218217,2092339062,3181.63000000,0.00300000,True
1738033524218217,2092339063,3181.63000000,0.00170000,True
1738033524218217,2092339064,3181.63000000,0.00170000,True
1738033524218217,2092339065,3181.63000000,0.00160000,True
1738033524218217,2092339066,3181.63000000,0.00170000,True
1738033524218217,2092339067,3181.63000000,0.00160000,True
1738033524218217,2092339068,3181.63000000,0.00160000,True
1738033524218217,2092339069,3181.63000000,0.00160000,True
1738033524218217,2092339070,3181.63000000,0.00160000,True
1738033524218217,2092339071,3181.63000000,0.00160000,True
1738033524218217,2092339072,3181.63000000,0.00160000,True
1738033524218217,2092339073,3181.63000000,0.00160000,True
1738033524218217,2092339074,3181.63000000,0.00160000,True
1738033524449204,2092339075,3181.62000000,0.00610000,True
1738033525168675,2092339076,3181.62000000,0.02560000,True
1738033526414527,2092339077,3181.63000000,0.00540000,False
1738033526716752,2092339078,3181.62000000,0.00300000,True
1738033526716752,2092339079,3181.62000000,0.00170000,True
1738033526716752,2092339080,3181.62000000,0.00300000,True
1738033526716752,2092339081,3181.62000000,0.00300000,True
1738033526716752,2092339082,3181.62000000,0.00300000,True
1738033526716752,2092339083,3181.62000000,0.44090000,True
1738033526716752,2092339084,3181.62000000,0.00300000,True
1738033526716752,2092339085,3181.62000000,0.00540000,True
1738033526716752,2092339086,3181.62000000,0.03300000,True
1738033526716752,2092339087,3181.62000000,0.00300000,True
1738033526716752,2092339088,3181.62000000,0.00160000,True
1738033526716752,2092339089,3181.62000000,0.10010000,True
1738033526716752,2092339090,3181.62000000,0.00160000,True
1738033526716752,2092339091,3181.62000000,0.00160000,True
1738033526716752,2092339092,3181.62000000,0.00160000,True
1738033526716752,2092339093,3181.62000000,0.00160000,True
1738033526716752,2092339094,3181.62000000,0.00160000,True
1738033526716752,2092339095,3181.62000000,0.00160000,True
1738033526716752,2092339096,3181.62000000,0.00160000,True
1738033526716752,2092339097,3181.62000000,0.00160000,True
1738033526716752,2092339098,3181.62000000,0.00160000,True
1738033526716752,2092339099,3181.61000000,0.00300000,True
1738033526716752,2092339100,3181.59000000,0.00300000,True
1738033526716752,2092339101,3181.58000000,0.00180000,True
1738033526716752,2092339102,3181.58000000,0.00300000,True
1738033526716752,2092339103,3181.57000000,0.00300000,True
1738033526716752,2092339104,3181.54000000,0.00180000,True
1738033526716752,2092339105,3181.52000000,0.00160000,True
1738033526716752,2092339106,3181.49000000,0.00170000,True
1738033526716752,2092339107,3181.49000000,0.00170000,True
1738033526716752,2092339108,3181.49000000,0.00170000,True
1738033526725146,2092339109,3181.49000000,2.97880000,False
1738033526725146,2092339110,3181.49000000,2.91120000,False
1738033527100744,2092339111,3181.48000000,0.00300000,True
1738033527100744,2092339112,3181.48000000,0.00300000,True
1738033527100744,2092339113,3181.48000000,0.00300000,True
1738033527100744,2092339114,3181.48000000,0.00170000,True
1738033527100744,2092339115,3181.48000000,0.00300000,True
1738033527100744,2092339116,3181.48000000,0.00300000,True
1738033527100744,2092339117,3181.48000000,0.00300000,True
1738033527100744,2092339118,3181.46000000,0.00170000,True
1738033527100744,2092339119,3181.46000000,0.00300000,True
1738033527100744,2092339120,3181.45000000,0.00300000,True
1738033527100744,2092339121,3181.45000000,0.00160000,True
1738033527100744,2092339122,3181.45000000,0.00160000,True
1738033527105469,2092339123,3181.45000000,0.00010000,True
1738033527105469,2092339124,3181.45000000,0.00300000,True
1738033527105469,2092339125,3181.45000000,0.00300000,True
1738033527112549,2092339126,3181.45000000,0.00300000,True
1738033527112549,2092339127,3181.45000000,0.00300000,True
1738033527112549,2092339128,3181.45000000,0.00300000,True
1738033527112549,2092339129,3181.45000000,0.00300000,True
1738033527112549,2092339130,3181.45000000,0.00300000,True
1738033527112549,2092339131,3181.45000000,0.00300000,True
1738033527112549,2092339132,3181.44000000,0.00330000,True
1738033527112549,2092339133,3181.44000000,0.00300000,True
1738033527112549,2092339134,3181.43000000,0.00170000,True
1738033527112549,2092339135,3181.43000000,0.00170000,True
1738033527112549,2092339136,3181.43000000,0.00300000,True
1738033527112549,2092339137,3181.43000000,0.00170000,True
1738033527112549,2092339138,3181.42000000,0.05000000,True
1738033527112549,2092339139,3181.42000000,0.00300000,True
1738033527112549,2092339140,3181.41000000,0.00160000,True
1738033527112549,2092339141,3181.41000000,0.00170000,True
1738033527112549,2092339142,3181.41000000,0.00170000,True
1738033527112549,2092339143,3181.41000000,0.00300000,True
1738033527112549,2092339144,3181.41000000,0.00170000,True
1738033527112549,2092339145,3181.40000000,0.03080000,True
1738033527112549,2092339146,3181.39000000,0.00470000,True
1738033527112549,2092339147,3181.38000000,0.00670000,True
1738033527113831,2092339148,3181.38000000,0.00940000,True
1738033527113831,2092339149,3181.35000000,0.00170000,True
1738033527113831,2092339150,3181.35000000,0.00170000,True
1738033527113831,2092339151,3181.35000000,0.00170000,True
1738033527113831,2092339152,3181.34000000,0.10090000,True
1738033527113831,2092339153,3181.34000000,0.00230000,True
1738033527113831,2092339154,3181.34000000,0.00230000,True
1738033527148484,2092339155,3181.32000000,0.00170000,True
1738033527148484,2092339156,3181.32000000,0.00170000,True
1738033527148484,2092339157,3181.32000000,0.00160000,True
1738033527148484,2092339158,3181.32000000,0.00300000,True
1738033527148484,2092339159,3181.32000000,0.00300000,True
1738033527148484,2092339160,3181.32000000,0.00300000,True
1738033527148484,2092339161,3181.32000000,0.00300000,True
1738033527148484,2092339162,3181.32000000,0.00170000,True
1738033527148484,2092339163,3181.32000000,0.00300000,True
1738033527148484,2092339164,3181.32000000,0.00300000,True
1738033527148484,2092339165,3181.32000000,0.00170000,True
1738033527148484,2092339166,3181.32000000,0.00160000,True
1738033527148484,2092339167,3181.32000000,0.00160000,True
1738033527148484,2092339168,3181.32000000,0.00160000,True
1738033527148484,2092339169,3181.32000000,0.00160000,True
1738033527148484,2092339170,3181.32000000,0.00160000,True
1738033527148484,2092339171,3181.32000000,0.00160000,True
1738033527148484,2092339172,3181.32000000,0.00160000,True
1738033527148484,2092339173,3181.32000000,0.00160000,True
1738033527148484,2092339174,3181.32000000,0.00160000,True
1738033527148484,2092339175,3181.31000000,0.00170000,True
1738033527148484,2092339176,3181.31000000,0.00300000,True
1738033527148484,2092339177,3181.29000000,0.00160000,True
1738033527148484,2092339178,3181.29000000,0.00300000,True
1738033527148484,2092339179,3181.29000000,0.00170000,True
1738033527148484,2092339180,3181.24000000,0.00170000,True
1738033527148484,2092339181,3181.24000000,0.00170000,True
1738033527148484,2092339182,3181.24000000,0.00300000,True
1738033527148484,2092339183,3181.24000000,0.00170000,True
1738033527148484,2092339184,3181.24000000,0.00170000,True
1738033527148484,2092339185,3181.23000000,0.04540000,True
1738033527148484,2092339186,3181.23000000,0.00160000,True
1738033527148484,2092339187,3181.23000000,0.00170000,True
1738033527148484,2092339188,3181.23000000,0.00300000,True
1738033527148484,2092339189,3181.21000000,0.00260000,True
1738033527148484,2092339190,3181.21000000,0.00260000,True
1738033527148484,2092339191,3181.19000000,0.00170000,True
1738033527148484,2092339192,3181.19000000,0.00170000,True
1738033527148484,2092339193,3181.19000000,0.00170000,True
1738033527148484,2092339194,3181.19000000,0.00170000,True
1738033531576993,2092339195,3181.19000000,0.00470000,False
1738033531716972,2092339196,3181.19000000,0.00780000,False
1738033534524528,2092339197,3181.18000000,0.02140000,True
1738033534766756,2092339198,3181.18000000,0.02290000,True
1738033535492238,2092339199,3181.18000000,0.31540000,True
1738033536582901,2092339200,3181.18000000,0.05430000,True
1738033538717305,2092339201,3181.19000000,0.00450000,False
1738033538717305,2092339202,3181.19000000,0.00300000,False
1738033538717305,2092339203,3181.19000000,0.00170000,False
1738033538717305,2092339204,3181.19000000,0.00160000,False
1738033538717305,2092339205,3181.19000000,0.00160000,False
1738033538717305,2092339206,3181.19000000,0.00160000,False
1738033538717305,2092339207,3181.19000000,0.00160000,False
1738033538717305,2092339208,3181.19000000,0.00160000,False
1738033538717305,2092339209,3181.19000000,0.00160000,False
1738033538717305,2092339210,3181.19000000,0.00160000,False
1738033538717305,2092339211,3181.19000000,0.00160000,False
1738033538717305,2092339212,3181.19000000,0.00160000,False
1738033538717305,2092339213,3181.19000000,0.00160000,False
1738033538717305,2092339214,3181.20000000,0.00300000,False
1738033538717305,2092339215,3181.20000000,0.00170000,False
1738033538717305,2092339216,3181.21000000,0.00300000,False
1738033538717305,2092339217,3181.21000000,0.00170000,False
1738033538717305,2092339218,3181.22000000,0.00300000,False
1738033538717305,2092339219,3181.22000000,0.00170000,False
1738033538717305,2092339220,3181.22000000,0.00170000,False
1738033538717305,2092339221,3181.22000000,0.00170000,False
1738033538717305,2092339222,3181.22000000,0.00160000,False
1738033538717305,2092339223,3181.22000000,0.00170000,False
1738033539506662,2092339224,3181.23000000,5.20000000,False
1738033539506662,2092339225,3181.23000000,0.00300000,False
1738033539506662,2092339226,3181.23000000,0.00170000,False
1738033539506662,2092339227,3181.23000000,0.00160000,False
1738033539506662,2092339228,3181.23000000,0.50990000,False
1738033539506662,2092339229,3181.23000000,0.00500000,False
1738033539506662,2092339230,3181.23000000,0.00160000,False
1738033539506662,2092339231,3181.23000000,0.00160000,False
1738033539506662,2092339232,3181.23000000,0.00160000,False
1738033539506662,2092339233,3181.23000000,0.00160000,False
1738033539506662,2092339234,3181.23000000,0.00160000,False
1738033539506662,2092339235,3181.23000000,0.00140000,False
1738033539506826,2092339236,3181.23000000,0.00020000,False
1738033539506826,2092339237,3181.23000000,0.00160000,False
1738033539506826,2092339238,3181.23000000,0.00160000,False
1738033539506826,2092339239,3181.23000000,0.00160000,False
1738033539506826,2092339240,3181.24000000,0.00170000,False
1738033539506826,2092339241,3181.24000000,0.00300000,False
1738033539506826,2092339242,3181.25000000,0.00170000,False
1738033539506826,2092339243,3181.25000000,0.00300000,False
1738033539509530,2092339244,3181.37000000,0.00170000,False
1738033539509530,2092339245,3181.37000000,0.00170000,False
1738033539509530,2092339246,3181.37000000,0.00170000,False
1738033539509530,2092339247,3181.37000000,0.00300000,False
1738033539509530,2092339248,3181.37000000,0.00170000,False
1738033539527968,2092339249,3181.38000000,0.10120000,False
1738033539527968,2092339250,3181.38000000,0.00300000,False
1738033539527968,2092339251,3181.38000000,0.00170000,False
1738033539527968,2092339252,3181.41000000,0.00160000,False
1738033539527968,2092339253,3181.42000000,0.00170000,False
1738033539527968,2092339254,3181.43000000,0.00170000,False
1738033539527968,2092339255,3181.43000000,0.00170000,False
1738033539527968,2092339256,3181.43000000,0.00300000,False
1738033539527968,2092339257,3181.43000000,0.00170000,False
1738033539527968,2092339258,3181.44000000,0.00330000,False
1738033539527968,2092339259,3181.44000000,0.00160000,False
1738033539527968,2092339260,3181.44000000,0.00300000,False
1738033539527968,2092339261,3181.44000000,0.00170000,False
1738033539527968,2092339262,3181.45000000,0.00170000,False
1738033539527968,2092339263,3181.45000000,0.00300000,False
1738033539527968,2092339264,3181.50000000,0.00170000,False
1738033539527968,2092339265,3181.50000000,0.00170000,False
1738033539527968,2092339266,3181.50000000,0.00170000,False
1738033539527968,2092339267,3181.51000000,0.05000000,False
1738033539527968,2092339268,3181.51000000,0.00170000,False
1738033539527968,2092339269,3181.52000000,0.00170000,False
1738033539527968,2092339270,3181.58000000,0.00320000,False
1738033539527968,2092339271,3181.58000000,0.00170000,False
1738033539527968,2092339272,3181.62000000,0.00170000,False
1738033539527968,2092339273,3181.62000000,0.00170000,False
1738033539527968,2092339274,3181.62000000,0.00170000,False
1738033539527968,2092339275,3181.63000000,0.10120000,False
1738033539527968,2092339276,3181.66000000,0.01540000,False
1738033539527968,2092339277,3181.66000000,0.01630000,False
1738033539527968,2092339278,3181.67000000,0.00160000,False
1738033539527968,2092339279,3181.67000000,0.00170000,False
1738033539527968,2092339280,3181.67000000,0.00170000,False
1738033539527968,2092339281,3181.67000000,0.00160000,False
1738033539527968,2092339282,3181.67000000,0.00170000,False
1738033539527968,2092339283,3181.67000000,0.00160000,False
1738033539527968,2092339284,3181.67000000,0.00160000,False
1738033539527968,2092339285,3181.67000000,0.00160000,False
1738033539527968,2092339286,3181.67000000,0.00160000,False
1738033539527968,2092339287,3181.67000000,0.00160000,False
1738033539527968,2092339288,3181.67000000,0.00160000,False
1738033539527968,2092339289,3181.67000000,0.00160000,False
1738033539527968,2092339290,3181.67000000,0.00160000,False
1738033539546662,2092339291,3181.69000000,0.00160000,False
1738033539546662,2092339292,3181.69000000,0.00300000,False
1738033539546662,2092339293,3181.69000000,0.00170000,False
1738033539546662,2092339294,3181.69000000,0.00160000,False
1738033539546662,2092339295,3181.69000000,0.00160000,False
1738033539546662,2092339296,3181.69000000,0.00160000,False
1738033539546662,2092339297,3181.69000000,0.00160000,False
1738033539546662,2092339298,3181.69000000,0.00160000,False
1738033539546662,2092339299,3181.69000000,0.00160000,False
1738033539546662,2092339300,3181.69000000,0.00160000,False
1738033539546662,2092339301,3181.69000000,0.00160000,False
1738033539546662,2092339302,3181.69000000,0.00160000,False
1738033539546662,2092339303,3181.70000000,0.00160000,False
1738033539546662,2092339304,3181.71000000,0.00170000,False
1738033539546662,2092339305,3181.71000000,0.00300000,False
1738033539554728,2092339306,3181.73000000,0.00170000,False
1738033539554728,2092339307,3181.73000000,0.00300000,False
1738033539617418,2092339308,3181.74000000,0.00300000,False
1738033539617418,2092339309,3181.74000000,0.00170000,False
1738033539617418,2092339310,3181.74000000,0.00500000,False
1738033539617418,2092339311,3181.77000000,0.00170000,False
1738033539617418,2092339312,3181.77000000,0.00300000,False
1738033539617418,2092339313,3181.77000000,0.00170000,False
1738033539617418,2092339314,3181.77000000,0.00170000,False
1738033539617418,2092339315,3181.77000000,0.00170000,False
1738033539617418,2092339316,3181.78000000,0.00320000,False
1738033539617418,2092339317,3181.78000000,0.00160000,False
1738033539617418,2092339318,3181.78000000,0.00170000,False
1738033539617418,2092339319,3181.78000000,0.00170000,False
1738033539617418,2092339320,3181.78000000,0.00170000,False
1738033539617418,2092339321,3181.78000000,0.00300000,False
1738033539617418,2092339322,3181.78000000,0.00170000,False
1738033539617418,2092339323,3181.79000000,0.01480000,False
1738033539617418,2092339324,3181.79000000,0.00170000,False
1738033539617418,2092339325,3181.79000000,0.00300000,False
1738033539617418,2092339326,3181.80000000,0.00170000,False
1738033539617418,2092339327,3181.80000000,0.00300000,False
1738033539617418,2092339328,3181.80000000,0.00170000,False
1738033539617418,2092339329,3181.80000000,0.00170000,False
1738033539617418,2092339330,3181.80000000,0.00170000,False
1738033539697734,2092339331,3181.81000000,0.00170000,False
1738033539697734,2092339332,3181.81000000,0.00160000,False
1738033539697734,2092339333,3181.81000000,0.00300000,False
1738033539697734,2092339334,3181.81000000,0.00160000,False
1738033539697734,2092339335,3181.81000000,0.00160000,False
1738033539697734,2092339336,3181.81000000,0.00160000,False
1738033539697734,2092339337,3181.81000000,0.00160000,False
1738033539697734,2092339338,3181.81000000,0.00160000,False
1738033539697734,2092339339,3181.81000000,0.00160000,False
1738033539697734,2092339340,3181.81000000,0.00160000,False
1738033539697734,2092339341,3181.81000000,0.00160000,False
1738033539697734,2092339342,3181.81000000,0.00160000,False
1738033539697734,2092339343,3181.82000000,0.00170000,False
1738033539697734,2092339344,3181.82000000,0.00300000,False
1738033539717669,2092339345,3181.83000000,0.00170000,False
1738033539717669,2092339346,3181.83000000,0.00300000,False
1738033539717669,2092339347,3181.83000000,0.00160000,False
1738033539717669,2092339348,3181.83000000,0.00160000,False
1738033539717669,2092339349,3181.83000000,0.00160000,False
1738033539717669,2092339350,3181.83000000,0.00160000,False
1738033539717669,2092339351,3181.83000000,0.00160000,False
1738033539717669,2092339352,3181.83000000,0.00160000,False
1738033539717669,2092339353,3181.83000000,0.00160000,False
1738033539717669,2092339354,3181.83000000,0.00160000,False
1738033539717669,2092339355,3181.83000000,0.00160000,False
1738033539717669,2092339356,3181.83000000,0.00160000,False
1738033539717669,2092339357,3181.84000000,0.00170000,False
1738033539717669,2092339358,3181.84000000,0.00300000,False
1738033539717669,2092339359,3181.86000000,0.00170000,False
1738033539717669,2092339360,3181.86000000,0.00300000,False
1738033539717669,2092339361,3181.87000000,0.00300000,False
1738033539717669,2092339362,3181.87000000,0.00170000,False
1738033539717669,2092339363,3181.88000000,0.00300000,False
1738033539717669,2092339364,3181.89000000,0.00320000,False
1738033539717669,2092339365,3181.89000000,0.00780000,False
1738033539717669,2092339366,3181.89000000,0.00170000,False
1738033539717669,2092339367,3181.92000000,0.00330000,False
1738033539717669,2092339368,3181.92000000,0.00170000,False
1738033539717669,2092339369,3181.95000000,0.00160000,False
1738033539717669,2092339370,3181.95000000,0.00180000,False
1738033539717669,2092339371,3181.95000000,0.00170000,False
1738033539717669,2092339372,3181.95000000,0.00160000,False
1738033539717669,2092339373,3181.96000000,0.00160000,False
1738033539717669,2092339374,3181.96000000,0.00170000,False
1738033539717669,2092339375,3181.96000000,0.00160000,False
1738033539717669,2092339376,3181.96000000,0.00160000,False
1738033539717669,2092339377,3181.96000000,0.00160000,False
1738033539717669,2092339378,3181.96000000,0.00160000,False
1738033539717669,2092339379,3181.96000000,0.00160000,False
1738033539717669,2092339380,3181.96000000,0.00160000,False
1738033539717669,2092339381,3181.96000000,0.00160000,False
1738033539717669,2092339382,3181.96000000,0.00160000,False
1738033539717669,2092339383,3181.96000000,0.00160000,False
1738033539717669,2092339384,3181.98000000,0.00320000,False
1738033539717669,2092339385,3181.98000000,0.00170000,False
1738033539717669,2092339386,3181.99000000,0.00170000,False
1738033539717669,2092339387,3181.99000000,0.00170000,False
1738033539717669,2092339388,3181.99000000,0.00170000,False
1738033539801897,2092339389,3182.00000000,0.00900000,False
1738033540481161,2092339390,3181.99000000,0.00470000,True
1738033541136741,2092339391,3181.99000000,0.00300000,True
1738033541136741,2092339392,3181.99000000,0.00300000,True
1738033541136741,2092339393,3181.99000000,0.00300000,True
1738033541136741,2092339394,3181.99000000,0.00300000,True
1738033541136741,2092339395,3181.99000000,0.00300000,True
1738033541136741,2092339396,3181.99000000,0.00300000,True
1738033541136741,2092339397,3181.99000000,0.00390000,True
1738033541136741,2092339398,3181.99000000,0.00300000,True
1738033541136741,2092339399,3181.99000000,0.00960000,True
1738033541136741,2092339400,3181.99000000,0.00250000,True
1738033541136741,2092339401,3181.99000000,0.01370000,True
1738033541136741,2092339402,3181.99000000,0.00300000,True
1738033541136741,2092339403,3181.99000000,0.00500000,True
1738033541136741,2092339404,3181.98000000,0.00300000,True
1738033541138616,2092339405,3181.96000000,0.00300000,True
1738033541138616,2092339406,3181.96000000,0.00160000,True
1738033541138616,2092339407,3181.95000000,0.00300000,True
1738033541138616,2092339408,3181.94000000,0.00300000,True
1738033541138616,2092339409,3181.92000000,0.00330000,True
1738033541138616,2092339410,3181.90000000,0.00160000,True
1738033541138616,2092339411,3181.83000000,0.00170000,True
1738033541138616,2092339412,3181.83000000,0.00170000,True
1738033541138616,2092339413,3181.83000000,0.00170000,True
1738033541916599,2092339414,3181.82000000,0.00300000,True
1738033541916599,2092339415,3181.82000000,0.00300000,True
1738033541916599,2092339416,3181.82000000,0.00170000,True
1738033541916599,2092339417,3181.82000000,0.00300000,True
1738033541916599,2092339418,3181.82000000,0.04020000,True
1738033541916599,2092339419,3181.82000000,0.01200000,True
1738033541916599,2092339420,3181.82000000,0.00300000,True
1738033541916599,2092339421,3181.82000000,0.00490000,True
1738033541916599,2092339422,3181.82000000,0.00300000,True
1738033541916599,2092339423,3181.81000000,0.00170000,True
1738033541916599,2092339424,3181.81000000,0.00300000,True
1738033541916599,2092339425,3181.80000000,0.00160000,True
1738033541916599,2092339426,3181.80000000,0.00300000,True
1738033541916599,2092339427,3181.74000000,0.00300000,True
1738033541916599,2092339428,3181.65000000,0.00180000,True
1738033541916599,2092339429,3181.64000000,0.00300000,True
1738033541916599,2092339430,3181.63000000,0.00170000,True
1738033541916599,2092339431,3181.63000000,0.00170000,True
1738033541916599,2092339432,3181.63000000,0.00170000,True
1738033541916599,2092339433,3181.62000000,0.00170000,True
1738033541916599,2092339434,3181.62000000,0.03080000,True
1738033541916599,2092339435,3181.61000000,0.00320000,True
1738033541916599,2092339436,3181.61000000,0.00170000,True
1738033541916599,2092339437,3181.61000000,0.00170000,True
1738033541916599,2092339438,3181.61000000,0.00200000,True
1738033541916599,2092339439,3181.61000000,0.00200000,True
1738033541916599,2092339440,3181.61000000,0.00170000,True
1738033541916599,2092339441,3181.60000000,0.10110000,True
1738033541916599,2092339442,3181.57000000,0.00180000,True
1738033541916599,2092339443,3181.56000000,0.00170000,True
1738033541916599,2092339444,3181.56000000,0.00170000,True
1738033541916599,2092339445,3181.56000000,0.00170000,True
1738033541916599,2092339446,3181.55000000,0.00200000,True
1738033541916599,2092339447,3181.55000000,0.00200000,True
1738033541916599,2092339448,3181.55000000,0.43680000,True
1738033541916599,2092339449,3181.53000000,0.00170000,True
1738033541916599,2092339450,3181.53000000,0.00170000,True
1738033541916599,2092339451,3181.53000000,0.00170000,True
1738033542075533,2092339452,3181.53000000,0.30100000,False
1738033543068259,2092339453,3181.53000000,0.00200000,False
1738033543375441,2092339454,3181.52000000,0.00300000,True
1738033543375441,2092339455,3181.52000000,0.00300000,True
1738033543375441,2092339456,3181.52000000,0.00300000,True
1738033543375441,2092339457,3181.52000000,0.00300000,True
1738033543375441,2092339458,3181.52000000,0.00170000,True
1738033543375441,2092339459,3181.52000000,0.00300000,True
1738033543375441,2092339460,3181.52000000,0.00170000,True
1738033543375441,2092339461,3181.52000000,0.00170000,True
1738033543375441,2092339462,3181.52000000,0.00300000,True
1738033543375441,2092339463,3181.52000000,0.00490000,True
1738033543375441,2092339464,3181.52000000,0.00170000,True
1738033543375441,2092339465,3181.51000000,0.00300000,True
1738033543375441,2092339466,3181.51000000,0.00170000,True
1738033543375441,2092339467,3181.51000000,0.03080000,True
1738033543375441,2092339468,3181.50000000,0.00300000,True
1738033543375441,2092339469,3181.48000000,0.00300000,True
1738033543375441,2092339470,3181.48000000,0.00160000,True
1738033543375441,2092339471,3181.47000000,0.00300000,True
1738033543375441,2092339472,3181.45000000,0.00160000,True
1738033543375441,2092339473,3181.44000000,0.00330000,True
1738033543375441,2092339474,3181.44000000,0.00320000,True
1738033543375441,2092339475,3181.44000000,0.10460000,True
1738033543377869,2092339476,3181.45000000,0.00170000,True
1738033543377869,2092339477,3181.45000000,0.00170000,True
1738033543377869,2092339478,3181.45000000,0.00170000,True
1738033543377869,2092339479,3181.44000000,0.09490000,True
1738033543377979,2092339480,3181.44000000,0.10000000,True
1738033543378242,2092339481,3181.44000000,0.10000000,True
1738033543378262,2092339482,3181.44000000,0.02540000,True
1738033543378262,2092339483,3181.44000000,0.00160000,True
1738033543378262,2092339484,3181.44000000,0.00160000,True
1738033543378262,2092339485,3181.44000000,0.00160000,True
1738033543378262,2092339486,3181.44000000,0.00160000,True
1738033543378262,2092339487,3181.44000000,0.00160000,True
1738033543378262,2092339488,3181.44000000,0.00160000,True
1738033543378262,2092339489,3181.44000000,0.00160000,True
1738033543378262,2092339490,3181.44000000,0.00160000,True
1738033543378262,2092339491,3181.44000000,0.00160000,True
1738033543378262,2092339492,3181.44000000,0.00160000,True
1738033543378262,2092339493,3181.43000000,0.05860000,True
1738033543378325,2092339494,3181.43000000,0.04240000,True
1738033543378336,2092339495,3181.39000000,0.00180000,True
1738033543396727,2092339496,3181.36000000,0.00170000,True
1738033543396727,2092339497,3181.36000000,0.00170000,True
1738033543396727,2092339498,3181.36000000,0.00300000,True
1738033543396727,2092339499,3181.36000000,0.00170000,True
1738033543485543,2092339500,3181.35000000,0.05000000,True
1738033543485543,2092339501,3181.35000000,0.00300000,True
1738033543485543,2092339502,3181.35000000,0.00300000,True
1738033543485543,2092339503,3181.35000000,0.00300000,True
1738033543485543,2092339504,3181.35000000,0.00300000,True
1738033543485543,2092339505,3181.35000000,0.00300000,True
1738033543485543,2092339506,3181.35000000,0.00300000,True
1738033543485543,2092339507,3181.35000000,0.01520000,True
1738033543485543,2092339508,3181.35000000,0.00490000,True
1738033543510559,2092339509,3181.32000000,0.00300000,True
1738033543510559,2092339510,3181.32000000,0.00300000,True
1738033543510559,2092339511,3181.32000000,0.00300000,True
1738033543510559,2092339512,3181.32000000,0.00300000,True
1738033543510559,2092339513,3181.32000000,0.00300000,True
1738033543510559,2092339514,3181.32000000,0.00300000,True
1738033543510559,2092339515,3181.31000000,0.00300000,True
1738033543510559,2092339516,3181.29000000,0.00170000,True
1738033543510559,2092339517,3181.29000000,0.00300000,True
1738033543510559,2092339518,3181.28000000,0.00300000,True
1738033543510559,2092339519,3181.28000000,0.00170000,True
1738033544125658,2092339520,3181.28000000,0.08910000,False
1738033544125658,2092339521,3181.28000000,0.25900000,False
1738033545640859,2092339522,3181.27000000,0.00320000,True
1738033545640859,2092339523,3181.27000000,0.00160000,True
1738033545640859,2092339524,3181.27000000,0.00300000,True
1738033545640859,2092339525,3181.27000000,0.00300000,True
1738033545640859,2092339526,3181.27000000,0.00300000,True
1738033545640859,2092339527,3181.27000000,0.00460000,True
1738033545981386,2092339528,3181.28000000,0.00790000,False
1738033546533292,2092339529,3181.28000000,0.01000000,False
1738033547931597,2092339530,3181.28000000,0.10580000,False
1738033549797021,2092339531,3181.28000000,0.00320000,False
1738033550565465,2092339532,3181.28000000,0.19090000,False
1738033552035519,2092339533,3181.28000000,0.00350000,False
1738033552035519,2092339534,3181.28000000,0.00300000,False
1738033552035519,2092339535,3181.28000000,0.00170000,False
1738033552035519,2092339536,3181.28000000,0.00300000,False
1738033552035519,2092339537,3181.28000000,0.00300000,False
1738033552035519,2092339538,3181.28000000,0.00300000,False
1738033552035519,2092339539,3181.28000000,0.00300000,False
1738033552035519,2092339540,3181.28000000,0.00300000,False
1738033552035519,2092339541,3181.28000000,0.00810000,False
1738033552037438,2092339542,3181.28000000,1.56330000,False
1738033552037438,2092339543,3181.28000000,0.05720000,False
1738033552037438,2092339544,3181.29000000,0.00300000,False
1738033552037438,2092339545,3181.29000000,0.00170000,False
1738033552037438,2092339546,3181.30000000,0.00300000,False
1738033552037438,2092339547,3181.30000000,0.00170000,False
1738033552037438,2092339548,3181.31000000,0.00300000,False
1738033552037438,2092339549,3181.31000000,0.00170000,False
1738033552037438,2092339550,3181.31000000,0.00160000,False
1738033552037438,2092339551,3181.32000000,0.00300000,False
1738033552037438,2092339552,3181.32000000,0.00170000,False
1738033552040048,2092339553,3181.33000000,0.00170000,False
1738033552040048,2092339554,3181.34000000,0.00170000,False
1738033552040048,2092339555,3181.35000000,0.00160000,False
1738033552040048,2092339556,3181.35000000,0.00170000,False
1738033552040048,2092339557,3181.39000000,0.00170000,False
1738033552040048,2092339558,3181.40000000,0.00170000,False
1738033552040048,2092339559,3181.44000000,0.00330000,False
1738033552040048,2092339560,3181.44000000,0.00170000,False
1738033552044682,2092339561,3181.46000000,0.00170000,False
1738033552044682,2092339562,3181.47000000,0.00160000,False
1738033552044682,2092339563,3181.50000000,0.00170000,False
1738033552044682,2092339564,3181.51000000,0.00160000,False
1738033552044682,2092339565,3181.59000000,0.00170000,False
1738033552044682,2092339566,3181.59000000,0.00170000,False
1738033552044682,2092339567,3181.59000000,0.00160000,False
1738033552044682,2092339568,3181.59000000,0.00170000,False
1738033552044682,2092339569,3181.59000000,0.00160000,False
1738033552044682,2092339570,3181.59000000,0.00160000,False
1738033552044682,2092339571,3181.59000000,0.00160000,False
1738033552044682,2092339572,3181.59000000,0.00160000,False
1738033552044682,2092339573,3181.59000000,0.00160000,False
1738033552044682,2092339574,3181.59000000,0.00160000,False
1738033552044682,2092339575,3181.59000000,0.00160000,False
1738033552044682,2092339576,3181.59000000,0.00160000,False
1738033552044682,2092339577,3181.59000000,0.00160000,False
1738033552050469,2092339578,3181.60000000,0.00170000,False
1738033552050469,2092339579,3181.60000000,0.00170000,False
1738033552050469,2092339580,3181.60000000,0.00170000,False
1738033552050469,2092339581,3181.60000000,0.00300000,False
1738033552050469,2092339582,3181.60000000,0.00300000,False
1738033552050469,2092339583,3181.60000000,0.00300000,False
1738033552050469,2092339584,3181.60000000,0.00300000,False
1738033552050469,2092339585,3181.60000000,0.00300000,False
1738033552050469,2092339586,3181.60000000,0.00190000,False
1738033552050469,2092339587,3181.60000000,0.00160000,False
1738033552050469,2092339588,3181.60000000,0.00300000,False
1738033552050469,2092339589,3181.60000000,0.00170000,False
1738033552050469,2092339590,3181.60000000,0.00160000,False
1738033552050469,2092339591,3181.60000000,0.00160000,False
1738033552050469,2092339592,3181.60000000,0.00160000,False
1738033552050469,2092339593,3181.60000000,0.00160000,False
1738033552050469,2092339594,3181.60000000,0.00160000,False
1738033552050469,2092339595,3181.60000000,0.00160000,False
1738033552050469,2092339596,3181.60000000,0.00160000,False
1738033552050469,2092339597,3181.60000000,0.00160000,False
1738033552050469,2092339598,3181.60000000,0.00160000,False
1738033552050469,2092339599,3181.61000000,0.00170000,False
1738033552050469,2092339600,3181.61000000,0.00300000,False
1738033552052122,2092339601,3181.65000000,0.00160000,False
1738033552052122,2092339602,3181.65000000,0.00170000,False
1738033552052122,2092339603,3181.65000000,0.00070000,False
1738033552052664,2092339604,3181.65000000,0.00230000,False
1738033552052664,2092339605,3181.65000000,0.00070000,False
1738033552054523,2092339606,3181.65000000,0.00110000,False
1738033552054989,2092339607,3181.67000000,0.00320000,False
1738033552054989,2092339608,3181.67000000,0.00300000,False
1738033552054989,2092339609,3181.67000000,0.00170000,False
1738033552054989,2092339610,3181.70000000,0.00180000,False
1738033552054989,2092339611,3181.71000000,0.00300000,False
1738033552061923,2092339612,3181.75000000,0.00320000,False
1738033552061923,2092339613,3181.75000000,0.00170000,False
1738033552061923,2092339614,3181.75000000,0.00300000,False
1738033552064999,2092339615,3181.75000000,0.00300000,False
1738033552064999,2092339616,3181.76000000,0.00170000,False
1738033552064999,2092339617,3181.76000000,0.00170000,False
1738033552064999,2092339618,3181.76000000,0.00170000,False
1738033552064999,2092339619,3181.77000000,0.01530000,False
1738033552064999,2092339620,3181.77000000,0.01600000,False
1738033552064999,2092339621,3181.77000000,0.00170000,False
1738033552064999,2092339622,3181.78000000,0.00160000,False
1738033552064999,2092339623,3181.78000000,0.00170000,False
1738033552084507,2092339624,3181.80000000,0.00170000,False
1738033552084507,2092339625,3181.80000000,0.00300000,False
1738033552355740,2092339626,3181.81000000,0.00170000,False
1738033552355740,2092339627,3181.81000000,0.00300000,False
1738033552355740,2092339628,3181.81000000,0.00300000,False
1738033552355740,2092339629,3181.81000000,0.00300000,False
1738033552355740,2092339630,3181.81000000,0.00300000,False
1738033552355740,2092339631,3181.81000000,0.00300000,False
1738033552355740,2092339632,3181.81000000,0.00170000,False
1738033552355740,2092339633,3181.81000000,0.00170000,False
1738033552355740,2092339634,3181.81000000,0.00300000,False
1738033552355740,2092339635,3181.81000000,0.00500000,False
1738033552355740,2092339636,3181.81000000,0.00170000,False
1738033552355740,2092339637,3181.82000000,0.00160000,False
1738033552355740,2092339638,3181.82000000,0.00170000,False
1738033552355740,2092339639,3181.82000000,0.00300000,False
1738033552355740,2092339640,3181.82000000,0.00170000,False
1738033552355740,2092339641,3181.82000000,0.00170000,False
1738033552355740,2092339642,3181.82000000,0.10060000,False
1738033552355740,2092339643,3181.82000000,0.00160000,False
1738033552355740,2092339644,3181.82000000,0.00170000,False
1738033552355740,2092339645,3181.82000000,0.00160000,False
1738033552355740,2092339646,3181.82000000,0.00160000,False
1738033552355740,2092339647,3181.82000000,0.00160000,False
1738033552355740,2092339648,3181.82000000,0.00160000,False
1738033552355740,2092339649,3181.82000000,0.00160000,False
1738033552355740,2092339650,3181.82000000,0.00160000,False
1738033552355740,2092339651,3181.82000000,0.00160000,False
1738033552355740,2092339652,3181.82000000,0.00160000,False
1738033553040346,2092339653,3181.83000000,0.26470000,False
1738033554840324,2092339654,3181.82000000,0.00300000,True
1738033554840324,2092339655,3181.82000000,0.00280000,True
1738033555213380,2092339656,3181.82000000,0.00360000,True
1738033555213380,2092339657,3181.82000000,0.00300000,True
1738033555213380,2092339658,3181.82000000,0.00300000,True
1738033555213380,2092339659,3181.82000000,0.00300000,True
1738033555213380,2092339660,3181.82000000,0.00300000,True
1738033555213380,2092339661,3181.82000000,0.00700000,True
1738033555213380,2092339662,3181.82000000,0.01870000,True
1738033555213380,2092339663,3181.82000000,0.02150000,True
1738033555817077,2092339664,3181.83000000,0.19390000,False
1738033555949288,2092339665,3181.82000000,0.00130000,True
1738033555949288,2092339666,3181.82000000,0.01740000,True
1738033556079067,2092339667,3181.82000000,0.06350000,True
1738033556079067,2092339668,3181.82000000,0.03080000,True
1738033556079067,2092339669,3181.82000000,0.00300000,True
1738033556079067,2092339670,3181.82000000,0.10270000,True
1738033557016668,2092339671,3181.82000000,0.00170000,True
1738033557016668,2092339672,3181.82000000,0.00170000,True
1738033557016668,2092339673,3181.82000000,0.00300000,True
1738033557016668,2092339674,3181.82000000,0.00300000,True
1738033557016668,2092339675,3181.82000000,0.00300000,True
1738033557016668,2092339676,3181.82000000,0.00300000,True
1738033557016668,2092339677,3181.82000000,0.00300000,True
1738033557016668,2092339678,3181.82000000,0.03160000,True
1738033557016668,2092339679,3181.82000000,0.03080000,True
1738033557016668,2092339680,3181.82000000,0.00300000,True
1738033557016668,2092339681,3181.82000000,0.01680000,True
1738033557016668,2092339682,3181.82000000,0.00170000,True
1738033557016668,2092339683,3181.81000000,0.00300000,True
1738033557016668,2092339684,3181.81000000,0.00180000,True
1738033557016668,2092339685,3181.81000000,0.03070000,True
1738033557016668,2092339686,3181.80000000,0.00300000,True
1738033557016668,2092339687,3181.80000000,0.00160000,True
1738033557016668,2092339688,3181.79000000,0.00300000,True
1738033557016668,2092339689,3181.78000000,0.00300000,True
1738033557016668,2092339690,3181.77000000,0.00160000,True
1738033557016668,2092339691,3181.77000000,0.00180000,True
1738033557016668,2092339692,3181.77000000,0.00230000,True
1738033557016668,2092339693,3181.77000000,0.00230000,True
1738033557016668,2092339694,3181.77000000,0.00170000,True
1738033557016668,2092339695,3181.77000000,0.00170000,True
1738033557016668,2092339696,3181.77000000,0.00170000,True
1738033557876373,2092339697,3181.76000000,0.41260000,True
1738033557876568,2092339698,3181.76000000,0.27820000,True
1738033557876581,2092339699,3181.76000000,0.15030000,True
1738033557876581,2092339700,3181.76000000,0.00300000,True
1738033557876581,2092339701,3181.76000000,0.00300000,True
1738033557876581,2092339702,3181.76000000,0.00300000,True
1738033557876581,2092339703,3181.76000000,0.00300000,True
1738033557876581,2092339704,3181.76000000,0.22770000,True
1738033557876581,2092339705,3181.76000000,0.00170000,True
1738033557876581,2092339706,3181.76000000,0.00300000,True
1738033557876581,2092339707,3181.76000000,0.00300000,True
1738033557881409,2092339708,3181.74000000,0.00300000,True
1738033557881409,2092339709,3181.74000000,0.00300000,True
1738033557881409,2092339710,3181.74000000,0.00300000,True
1738033557881409,2092339711,3181.74000000,0.00300000,True
1738033557881409,2092339712,3181.74000000,0.00160000,True
1738033557883727,2092339713,3181.74000000,0.00140000,True
1738033557883727,2092339714,3181.74000000,0.00300000,True
1738033557920824,2092339715,3181.72000000,0.00300000,True
1738033557920824,2092339716,3181.72000000,0.00300000,True
1738033557920824,2092339717,3181.72000000,0.00300000,True
1738033557920824,2092339718,3181.72000000,0.00300000,True
1738033557920824,2092339719,3181.72000000,0.00300000,True
1738033557920824,2092339720,3181.72000000,0.00300000,True
1738033557923401,2092339721,3181.71000000,0.00300000,True
1738033557923401,2092339722,3181.71000000,0.00300000,True
1738033557923401,2092339723,3181.71000000,0.00300000,True
1738033557923401,2092339724,3181.71000000,0.00020000,True
1738033557926798,2092339725,3181.71000000,0.00280000,True
1738033557926798,2092339726,3181.71000000,0.00300000,True
1738033557926798,2092339727,3181.71000000,0.00300000,True
1738033557926798,2092339728,3181.71000000,0.00150000,True
1738033557933177,2092339729,3181.71000000,0.00010000,True
1738033557933177,2092339730,3181.71000000,0.00300000,True
1738033557933177,2092339731,3181.71000000,0.00300000,True
1738033557933177,2092339732,3181.71000000,0.00300000,True
1738033557933177,2092339733,3181.71000000,0.00300000,True
1738033557933177,2092339734,3181.71000000,0.00300000,True
1738033557933177,2092339735,3181.71000000,0.00300000,True
1738033557933177,2092339736,3181.71000000,0.00300000,True
1738033557933177,2092339737,3181.71000000,0.00160000,True
1738033557933177,2092339738,3181.71000000,0.00160000,True
1738033557933177,2092339739,3181.71000000,0.00160000,True
1738033557933177,2092339740,3181.71000000,0.00160000,True
1738033557933177,2092339741,3181.71000000,0.00160000,True
1738033557933177,2092339742,3181.71000000,0.00160000,True
1738033557933177,2092339743,3181.71000000,0.00160000,True
1738033557933177,2092339744,3181.71000000,0.00160000,True
1738033557933177,2092339745,3181.71000000,0.00160000,True
1738033557933177,2092339746,3181.70000000,0.00300000,True
1738033557933177,2092339747,3181.67000000,0.00300000,True
1738033557933177,2092339748,3181.62000000,0.00170000,True
1738033557933177,2092339749,3181.62000000,0.00170000,True
1738033557933177,2092339750,3181.62000000,0.00300000,True
1738033557933177,2092339751,3181.62000000,0.00170000,True
1738033557933177,2092339752,3181.61000000,0.00440000,True
1738033557934046,2092339753,3181.61000000,0.00680000,True
1738033558009710,2092339754,3181.61000000,0.08250000,True
1738033558936939,2092339755,3181.62000000,0.00220000,False
1738033559624607,2092339756,3181.62000000,0.04630000,False
1738033560316941,2092339757,3181.62000000,0.00660000,False
1738033560316941,2092339758,3181.62000000,0.00300000,False
1738033560316941,2092339759,3181.62000000,0.00300000,False
1738033560316941,2092339760,3181.62000000,0.00170000,False
1738033560316941,2092339761,3181.62000000,0.00300000,False
1738033560316941,2092339762,3181.62000000,0.00300000,False
1738033560316941,2092339763,3181.62000000,0.00300000,False
1738033560316941,2092339764,3181.62000000,0.00300000,False
1738033560316941,2092339765,3181.62000000,0.00460000,False
1738033560316941,2092339766,3181.63000000,0.00300000,False
1738033560316941,2092339767,3181.63000000,0.00170000,False
1738033560316941,2092339768,3181.63000000,0.00160000,False
1738033560316941,2092339769,3181.64000000,0.00300000,False
1738033560316941,2092339770,3181.64000000,0.00170000,False
1738033560316941,2092339771,3181.65000000,0.00300000,False
1738033560316941,2092339772,3181.65000000,0.00170000,False
1738033560316941,2092339773,3181.66000000,0.00180000,False
1738033560316941,2092339774,3181.66000000,0.00300000,False
1738033560316941,2092339775,3181.66000000,0.00170000,False
1738033560316941,2092339776,3181.66000000,0.00160000,False
1738033560316941,2092339777,3181.67000000,0.00170000,False
1738033560316941,2092339778,3181.68000000,0.00170000,False
1738033560316941,2092339779,3181.69000000,0.00170000,False
1738033560316941,2092339780,3181.70000000,0.00160000,False
1738033560316941,2092339781,3181.70000000,0.00170000,False
1738033560316941,2092339782,3181.72000000,0.00170000,False
1738033560316941,2092339783,3181.72000000,0.00170000,False
1738033560316941,2092339784,3181.72000000,0.00170000,False
1738033560316941,2092339785,3181.72000000,0.00170000,False
1738033561997919,2092339786,3181.72000000,0.07140000,True
1738033562055000,2092339787,3181.72000000,0.70370000,True
1738033562075200,2092339788,3181.72000000,0.11440000,True
1738033562785968,2092339789,3181.73000000,0.10050000,False
1738033562785968,2092339790,3181.73000000,0.39950000,False
1738033563517066,2092339791,3181.72000000,0.00300000,True
1738033563517066,2092339792,3181.72000000,0.00300000,True
1738033563517066,2092339793,3181.72000000,0.00300000,True
1738033563517066,2092339794,3181.72000000,0.00300000,True
1738033563517066,2092339795,3181.72000000,0.02690000,True
1738033563517066,2092339796,3181.72000000,0.01340000,True
1738033563517066,2092339797,3181.72000000,0.20550000,True
1738033563517066,2092339798,3181.72000000,0.03730000,True
1738033563517066,2092339799,3181.72000000,0.00300000,True
1738033563517066,2092339800,3181.72000000,0.00300000,True
1738033563517066,2092339801,3181.72000000,0.00500000,True
1738033563517066,2092339802,3181.72000000,0.00180000,True
1738033563517066,2092339803,3181.71000000,0.00300000,True
1738033563517066,2092339804,3181.71000000,0.00160000,True
1738033563517066,2092339805,3181.70000000,0.00300000,True
1738033563517066,2092339806,3181.69000000,0.00300000,True
1738033563517066,2092339807,3181.67000000,0.00300000,True
1738033563517066,2092339808,3181.67000000,0.00160000,True
