timestamp,exchange,symbol,price,amount,side
1738124785.27,bybit,BTCUSDT,102085.76,0.006566,sell
1738124785.875,bybit,BTCUSDT,102085.77,0.009796,buy
1738124785.875,bybit,BTCUSDT,102085.77,0.009796,buy
1738124785.875,bybit,BTCUSDT,102085.77,0.009796,buy
1738124785.875,bybit,BTCUSDT,102085.77,0.009796,buy
1738124785.875,bybit,BTCUSDT,102085.77,0.00088,buy
1738124785.875,bybit,BTCUSDT,102085.77,0.0488,buy
1738124785.875,bybit,BTCUSDT,102085.77,0.004525,buy
1738124785.875,bybit,BTCUSDT,102085.77,0.002,buy
1738124785.875,bybit,BTCUSDT,102085.77,0.002,buy
1738124785.875,bybit,BTCUSDT,102085.77,0.002,buy
1738124785.875,bybit,BTCUSDT,102085.77,0.002319,buy
1738124785.875,bybit,BTCUSDT,102085.79,0.000592,buy
1738124785.876,bybit,BTCUSDT,102085.79,8e-06,buy
1738124785.876,bybit,BTCUSDT,102086.1,0.001965,buy
1738124785.876,bybit,BTCUSDT,102086.1,0.002939,buy
1738124785.876,bybit,BTCUSDT,102086.2,0.003388,buy
1738124785.878,bybit,BTCUSDT,102086.2,0.0001,buy
1738124785.88,bybit,BTCUSDT,102086.2,1.1e-05,buy
1738124785.88,bybit,BTCUSDT,102086.5,0.00015,buy
1738124785.88,bybit,BTCUSDT,102086.65,0.002739,buy
1738124785.881,bybit,BTCUSDT,102086.65,0.0002,buy
1738124785.881,bybit,BTCUSDT,102087.41,0.005877,buy
1738124785.881,bybit,BTCUSDT,102087.62,0.005877,buy
1738124785.881,bybit,BTCUSDT,102087.73,0.002939,buy
1738124785.881,bybit,BTCUSDT,102088.23,0.002939,buy
1738124785.881,bybit,BTCUSDT,102088.79,0.005005,buy
1738124785.881,bybit,BTCUSDT,102088.82,0.009999,buy
1738124785.881,bybit,BTCUSDT,102088.85,6.4e-05,buy
1738124785.881,bybit,BTCUSDT,102088.85,0.000536,buy
1738124785.881,bybit,BTCUSDT,102089.03,0.008324,buy
1738124785.881,bybit,BTCUSDT,102089.04,0.003,buy
1738124785.881,bybit,BTCUSDT,102089.04,0.00724,buy
1738124785.905,bybit,BTCUSDT,102089.04,0.000592,buy
1738124789.142,bybit,BTCUSDT,102090.23,9e-06,buy
1738124791.266,bybit,BTCUSDT,102090.23,8.6e-05,buy
1738124795.486,bybit,BTCUSDT,102090.23,0.000587,buy
1738124795.486,bybit,BTCUSDT,102090.23,0.005879,buy
1738124795.486,bybit,BTCUSDT,102090.23,0.003544,buy
1738124795.486,bybit,BTCUSDT,102090.23,0.006002,buy
1738124795.486,bybit,BTCUSDT,102090.23,0.005877,buy
1738124795.486,bybit,BTCUSDT,102090.23,0.003,buy
1738124795.486,bybit,BTCUSDT,102090.23,0.002319,buy
1738124795.491,bybit,BTCUSDT,102090.34,0.0022,buy
1738124795.491,bybit,BTCUSDT,102090.44,0.005019,buy
1738124797.991,bybit,BTCUSDT,102091.61,0.00015,buy
1738124797.991,bybit,BTCUSDT,102091.61,0.000212,buy
1738124797.991,bybit,BTCUSDT,102091.61,0.000773,buy
1738124798.253,bybit,BTCUSDT,102091.6,0.0001,sell
1738124798.253,bybit,BTCUSDT,102091.6,0.0001,sell
1738124798.253,bybit,BTCUSDT,102091.6,0.07999,sell
1738124798.253,bybit,BTCUSDT,102091.6,0.009797,sell
1738124798.253,bybit,BTCUSDT,102091.6,0.009797,sell
1738124798.253,bybit,BTCUSDT,102091.6,0.009797,sell
1738124798.253,bybit,BTCUSDT,102091.6,0.009797,sell
1738124798.253,bybit,BTCUSDT,102091.6,0.009797,sell
1738124798.253,bybit,BTCUSDT,102091.6,0.009797,sell
1738124798.253,bybit,BTCUSDT,102091.6,0.009796,sell
1738124798.253,bybit,BTCUSDT,102091.6,0.009797,sell
1738124798.253,bybit,BTCUSDT,102091.6,0.009797,sell
1738124798.253,bybit,BTCUSDT,102091.6,0.009797,sell
1738124798.253,bybit,BTCUSDT,102091.6,0.009796,sell
1738124798.253,bybit,BTCUSDT,102091.6,0.009796,sell
1738124798.253,bybit,BTCUSDT,102091.6,0.009797,sell
1738124798.253,bybit,BTCUSDT,102091.6,0.009797,sell
1738124798.253,bybit,BTCUSDT,102091.6,0.009797,sell
1738124798.253,bybit,BTCUSDT,102091.6,0.009796,sell
1738124798.253,bybit,BTCUSDT,102091.6,0.009797,sell
1738124798.253,bybit,BTCUSDT,102091.6,0.004892,sell
1738124798.253,bybit,BTCUSDT,102091.6,0.002,sell
1738124798.253,bybit,BTCUSDT,102091.6,0.003344,sell
1738124798.253,bybit,BTCUSDT,102091.6,0.01,sell
1738124798.253,bybit,BTCUSDT,102090.99,0.0231,sell
1738124798.253,bybit,BTCUSDT,102090.98,0.001894,sell
1738124798.253,bybit,BTCUSDT,102090.98,0.00324,sell
1738124798.253,bybit,BTCUSDT,102090.98,0.001742,sell
1738124798.253,bybit,BTCUSDT,102090.36,0.014431,sell
1738124798.253,bybit,BTCUSDT,102090.36,0.031853,sell
1738124798.253,bybit,BTCUSDT,102090.33,0.045769,sell
1738124798.256,bybit,BTCUSDT,102090.33,0.043975,sell
1738124798.256,bybit,BTCUSDT,102089.68,0.001875,sell
1738124798.256,bybit,BTCUSDT,102089.4,0.002939,sell
1738124798.256,bybit,BTCUSDT,102089.03,0.002939,sell
1738124798.256,bybit,BTCUSDT,102088.8,0.005877,sell
1738124798.256,bybit,BTCUSDT,102088.78,0.005877,sell
1738124798.256,bybit,BTCUSDT,102088.48,0.009999,sell
1738124798.256,bybit,BTCUSDT,102088.45,0.005005,sell
1738124798.256,bybit,BTCUSDT,102088.17,0.005877,sell
1738124798.256,bybit,BTCUSDT,102087.81,0.002938,sell
1738124798.256,bybit,BTCUSDT,102087.07,0.002939,sell
1738124798.256,bybit,BTCUSDT,102087.07,0.002938,sell
1738124798.256,bybit,BTCUSDT,102086.5,0.00015,sell
1738124798.256,bybit,BTCUSDT,102086.0,0.005877,sell
1738124798.256,bybit,BTCUSDT,102085.96,0.005877,sell
1738124798.256,bybit,BTCUSDT,102085.79,0.0006,sell
1738124798.256,bybit,BTCUSDT,102085.63,0.000423,sell
1738124798.256,bybit,BTCUSDT,102085.5,0.0003,sell
1738124798.256,bybit,BTCUSDT,102085.35,0.005877,sell
1738124798.256,bybit,BTCUSDT,102084.45,0.002938,sell
1738124798.257,bybit,BTCUSDT,102083.64,0.000498,sell
1738124798.257,bybit,BTCUSDT,102083.2,0.102933,sell
1738124798.257,bybit,BTCUSDT,102082.72,0.0006,sell
1738124798.257,bybit,BTCUSDT,102082.3,0.093196,sell
1738124798.257,bybit,BTCUSDT,102082.16,0.01959,sell
1738124798.257,bybit,BTCUSDT,102081.83,0.01575,sell
1738124798.257,bybit,BTCUSDT,102081.77,0.002939,sell
1738124798.257,bybit,BTCUSDT,102081.4,0.00015,sell
1738124798.257,bybit,BTCUSDT,102081.39,0.0001,sell
1738124798.257,bybit,BTCUSDT,102081.39,0.1755,sell
1738124798.257,bybit,BTCUSDT,102081.03,0.000423,sell
1738124798.257,bybit,BTCUSDT,102080.77,0.0003,sell
1738124798.257,bybit,BTCUSDT,102079.66,0.0006,sell
1738124798.257,bybit,BTCUSDT,102079.42,0.045153,sell
1738124798.257,bybit,BTCUSDT,102077.8,0.161864,sell
1738124798.257,bybit,BTCUSDT,102077.57,0.029401,sell
1738124798.258,bybit,BTCUSDT,102077.1,0.09,sell
1738124798.258,bybit,BTCUSDT,102077.0,0.195,sell
1738124798.258,bybit,BTCUSDT,102076.6,0.0006,sell
1738124798.258,bybit,BTCUSDT,102076.43,0.000423,sell
1738124798.258,bybit,BTCUSDT,102076.4,0.165322,sell
1738124798.258,bybit,BTCUSDT,102076.29,0.00015,sell
1738124798.258,bybit,BTCUSDT,102076.04,0.0003,sell
1738124798.258,bybit,BTCUSDT,102075.65,0.024238,sell
1738124798.258,bybit,BTCUSDT,102075.1,0.055,sell
1738124798.258,bybit,BTCUSDT,102074.9,0.21,sell
1738124798.258,bybit,BTCUSDT,102074.64,0.001845,sell
1738124798.258,bybit,BTCUSDT,102073.54,0.0006,sell
1738124798.258,bybit,BTCUSDT,102073.46,0.00047,sell
1738124798.258,bybit,BTCUSDT,102073.41,0.039201,sell
1738124798.258,bybit,BTCUSDT,102073.3,0.082342,sell
1738124798.258,bybit,BTCUSDT,102073.3,0.052421,sell
1738124798.258,bybit,BTCUSDT,102073.3,0.051503,sell
1738124798.258,bybit,BTCUSDT,102073.3,0.001675,sell
1738124798.258,bybit,BTCUSDT,102073.3,0.067734,sell
1738124798.258,bybit,BTCUSDT,102073.3,0.007116,sell
1738124798.258,bybit,BTCUSDT,102073.09,0.019569,sell
1738124798.258,bybit,BTCUSDT,102073.0,0.003497,sell
1738124798.258,bybit,BTCUSDT,102073.0,0.028145,sell
1738124798.258,bybit,BTCUSDT,102073.0,0.020111,sell
1738124798.258,bybit,BTCUSDT,102073.0,0.01504,sell
1738124798.258,bybit,BTCUSDT,102073.0,0.003207,sell
1738124798.258,bybit,BTCUSDT,102072.9,0.009844,sell
1738124798.258,bybit,BTCUSDT,102072.9,0.067225,sell
1738124798.258,bybit,BTCUSDT,102072.9,0.048515,sell
1738124798.258,bybit,BTCUSDT,102072.9,0.008345,sell
1738124798.259,bybit,BTCUSDT,102072.9,0.076071,sell
1738124798.259,bybit,BTCUSDT,102071.9,0.008746,sell
1738124798.259,bybit,BTCUSDT,102071.9,0.01843,sell
1738124798.259,bybit,BTCUSDT,102071.9,0.095854,sell
1738124798.259,bybit,BTCUSDT,102071.9,0.111142,sell
1738124798.26,bybit,BTCUSDT,102071.9,0.0289,sell
1738124798.26,bybit,BTCUSDT,102071.83,0.000423,sell
1738124798.26,bybit,BTCUSDT,102071.32,0.0003,sell
1738124798.26,bybit,BTCUSDT,102071.31,0.001856,sell
1738124798.26,bybit,BTCUSDT,102071.19,0.00015,sell
1738124798.26,bybit,BTCUSDT,102071.0,0.070622,sell
1738124798.26,bybit,BTCUSDT,102071.0,0.009378,sell
1738124798.26,bybit,BTCUSDT,102070.9,0.005879,sell
1738124798.261,bybit,BTCUSDT,102070.9,0.204121,sell
1738124798.27,bybit,BTCUSDT,102071.9,0.0001,sell
1738124798.271,bybit,BTCUSDT,102070.47,0.0006,sell
1738124798.272,bybit,BTCUSDT,102070.01,3.2e-05,sell
1738124798.272,bybit,BTCUSDT,102070.47,0.0001,sell
1738124798.272,bybit,BTCUSDT,102069.02,0.001691,sell
1738124798.273,bybit,BTCUSDT,102067.41,0.0006,sell
1738124798.273,bybit,BTCUSDT,102067.23,0.000423,sell
1738124798.273,bybit,BTCUSDT,102066.59,0.000277,sell
1738124798.274,bybit,BTCUSDT,102066.59,2.3e-05,sell
1738124798.274,bybit,BTCUSDT,102066.55,0.0099,sell
1738124798.274,bybit,BTCUSDT,102066.09,0.00015,sell
1738124798.274,bybit,BTCUSDT,102065.74,0.016112,sell
1738124798.275,bybit,BTCUSDT,102064.35,0.0006,sell
1738124798.276,bybit,BTCUSDT,102063.32,7.4e-05,sell
1738124798.707,bybit,BTCUSDT,102065.59,0.07999,buy
1738124798.707,bybit,BTCUSDT,102065.59,0.0001,buy
1738124798.707,bybit,BTCUSDT,102065.59,0.0001,buy
1738124798.707,bybit,BTCUSDT,102065.59,0.009798,buy
1738124798.707,bybit,BTCUSDT,102065.59,0.0003,buy
1738124798.707,bybit,BTCUSDT,102065.59,0.009798,buy
1738124798.707,bybit,BTCUSDT,102065.59,0.009798,buy
1738124798.707,bybit,BTCUSDT,102065.59,0.009798,buy
1738124798.707,bybit,BTCUSDT,102065.59,0.009798,buy
1738124798.707,bybit,BTCUSDT,102065.59,0.009798,buy
1738124798.707,bybit,BTCUSDT,102065.59,0.009798,buy
1738124798.707,bybit,BTCUSDT,102065.59,0.009798,buy
1738124798.707,bybit,BTCUSDT,102065.59,0.009798,buy
1738124798.707,bybit,BTCUSDT,102065.59,0.009798,buy
1738124798.707,bybit,BTCUSDT,102065.59,0.008562,buy
1738124798.708,bybit,BTCUSDT,102065.59,0.001236,buy
1738124798.708,bybit,BTCUSDT,102065.59,0.009798,buy
1738124798.708,bybit,BTCUSDT,102065.59,0.009798,buy
1738124798.708,bybit,BTCUSDT,102065.59,0.009798,buy
1738124798.708,bybit,BTCUSDT,102067.41,0.0006,buy
1738124798.708,bybit,BTCUSDT,102068.66,0.005005,buy
1738124798.708,bybit,BTCUSDT,102068.66,0.009999,buy
1738124798.818,bybit,BTCUSDT,102069.83,0.002423,buy
1738124798.818,bybit,BTCUSDT,102069.83,0.0001,buy
1738124798.818,bybit,BTCUSDT,102069.83,0.0001,buy
1738124798.818,bybit,BTCUSDT,102069.83,0.009798,buy
1738124798.818,bybit,BTCUSDT,102069.83,0.009798,buy
1738124798.824,bybit,BTCUSDT,102070.47,0.0006,buy
1738124798.824,bybit,BTCUSDT,102071.19,0.00015,buy
1738124799.598,bybit,BTCUSDT,102072.89,0.0001,sell
1738124799.598,bybit,BTCUSDT,102072.89,0.0001,sell
1738124799.598,bybit,BTCUSDT,102072.89,0.07999,sell
1738124799.598,bybit,BTCUSDT,102072.89,0.009798,sell
1738124799.598,bybit,BTCUSDT,102072.89,0.009798,sell
1738124799.598,bybit,BTCUSDT,102072.89,0.009798,sell
1738124799.598,bybit,BTCUSDT,102072.89,0.009798,sell
1738124799.598,bybit,BTCUSDT,102072.89,0.006918,sell
1738124799.603,bybit,BTCUSDT,102072.89,0.00288,sell
1738124799.603,bybit,BTCUSDT,102072.89,0.009798,sell
1738124799.603,bybit,BTCUSDT,102072.89,0.009798,sell
1738124799.603,bybit,BTCUSDT,102072.89,0.009798,sell
1738124799.603,bybit,BTCUSDT,102072.89,0.009798,sell
1738124799.603,bybit,BTCUSDT,102072.89,0.009798,sell
1738124799.603,bybit,BTCUSDT,102072.89,0.009798,sell
1738124799.603,bybit,BTCUSDT,102072.89,0.009798,sell
1738124799.603,bybit,BTCUSDT,102072.89,0.009798,sell
1738124799.603,bybit,BTCUSDT,102072.89,0.009798,sell
1738124799.603,bybit,BTCUSDT,102072.89,0.009798,sell
1738124799.603,bybit,BTCUSDT,102072.89,0.009798,sell
1738124799.603,bybit,BTCUSDT,102072.89,0.009797,sell
1738124799.603,bybit,BTCUSDT,102072.89,0.002863,sell
1738124799.603,bybit,BTCUSDT,102072.89,0.00677,sell
1738124799.603,bybit,BTCUSDT,102072.89,0.009449,sell
1738124799.603,bybit,BTCUSDT,102072.89,0.013187,sell
1738124799.603,bybit,BTCUSDT,102072.89,0.001329,sell
1738124799.603,bybit,BTCUSDT,102072.89,0.011755,sell
1738124799.603,bybit,BTCUSDT,102072.89,0.0294,sell
1738124799.603,bybit,BTCUSDT,102072.89,0.002,sell
1738124799.603,bybit,BTCUSDT,102072.89,0.011599,sell
1738124799.603,bybit,BTCUSDT,102072.89,0.011493,sell
1738124799.611,bybit,BTCUSDT,102072.89,1.1e-05,sell
1738124799.611,bybit,BTCUSDT,102072.89,0.0001,sell
1738124799.611,bybit,BTCUSDT,102072.89,0.0001,sell
1738124799.611,bybit,BTCUSDT,102071.32,0.002939,sell
1738124799.611,bybit,BTCUSDT,102070.93,0.00265,sell
1738124799.624,bybit,BTCUSDT,102070.93,0.000289,sell
1738124799.624,bybit,BTCUSDT,102070.93,0.0001,sell
1738124799.624,bybit,BTCUSDT,102070.93,0.0001,sell
1738124799.624,bybit,BTCUSDT,102070.28,0.002939,sell
1738124799.694,bybit,BTCUSDT,102070.11,0.005878,sell
1738124799.694,bybit,BTCUSDT,102070.11,0.0001,sell
1738124799.694,bybit,BTCUSDT,102070.11,0.0001,sell
1738124799.694,bybit,BTCUSDT,102070.11,0.009798,sell
1738124799.694,bybit,BTCUSDT,102070.11,0.009798,sell
1738124799.694,bybit,BTCUSDT,102070.08,0.005878,sell
1738124799.694,bybit,BTCUSDT,102070.07,0.005878,sell
1738124799.694,bybit,BTCUSDT,102069.81,0.009999,sell
1738124799.694,bybit,BTCUSDT,102069.81,0.005005,sell
1738124799.703,bybit,BTCUSDT,102069.75,0.002939,sell
1738124799.944,bybit,BTCUSDT,102067.66,0.009798,sell
1738124799.944,bybit,BTCUSDT,102067.66,0.003,sell
1738124799.944,bybit,BTCUSDT,102067.66,0.0008,sell
1738124799.944,bybit,BTCUSDT,102067.66,0.009798,sell
1738124799.944,bybit,BTCUSDT,102067.66,0.009798,sell
1738124799.944,bybit,BTCUSDT,102067.66,0.007303,sell
1738124799.944,bybit,BTCUSDT,102067.66,0.004525,sell
1738124799.944,bybit,BTCUSDT,102067.66,0.009798,sell
1738124799.944,bybit,BTCUSDT,102067.66,0.009798,sell
1738124799.944,bybit,BTCUSDT,102067.66,0.009798,sell
1738124799.944,bybit,BTCUSDT,102067.66,0.00709,sell
1738124799.944,bybit,BTCUSDT,102067.66,0.009798,sell
1738124799.944,bybit,BTCUSDT,102067.66,0.006381,sell
1738124799.944,bybit,BTCUSDT,102067.66,0.009798,sell
1738124799.944,bybit,BTCUSDT,102067.66,0.009798,sell
1738124799.944,bybit,BTCUSDT,102067.66,0.009798,sell
1738124799.944,bybit,BTCUSDT,102067.66,0.009798,sell
1738124799.944,bybit,BTCUSDT,102067.66,0.009798,sell
1738124799.944,bybit,BTCUSDT,102067.66,0.006739,sell
1738124799.944,bybit,BTCUSDT,102067.66,0.008203,sell
1738124799.944,bybit,BTCUSDT,102067.41,0.0006,sell
1738124799.964,bybit,BTCUSDT,102066.09,0.00015,sell
1738124799.964,bybit,BTCUSDT,102066.09,0.002939,sell
1738124799.964,bybit,BTCUSDT,102065.7,0.002939,sell
1738124801.564,bybit,BTCUSDT,102065.58,0.009798,sell
1738124801.564,bybit,BTCUSDT,102065.58,0.009798,sell
1738124801.564,bybit,BTCUSDT,102065.58,0.00024,sell
1738124801.564,bybit,BTCUSDT,102065.58,0.002,sell
1738124801.564,bybit,BTCUSDT,102065.58,0.003356,sell
1738124801.564,bybit,BTCUSDT,102065.58,0.003058,sell
1738124801.564,bybit,BTCUSDT,102065.58,0.003594,sell
1738124801.564,bybit,BTCUSDT,102065.58,0.006064,sell
1738124801.564,bybit,BTCUSDT,102065.58,0.003,sell
1738124801.564,bybit,BTCUSDT,102065.58,0.005563,sell
1738124801.564,bybit,BTCUSDT,102065.58,0.005424,sell
1738124804.866,bybit,BTCUSDT,102064.36,0.0001,buy
1738124804.866,bybit,BTCUSDT,102064.36,0.0001,buy
1738124804.866,bybit,BTCUSDT,102064.36,0.07999,buy
1738124804.866,bybit,BTCUSDT,102064.36,0.009798,buy
1738124804.866,bybit,BTCUSDT,102064.36,0.009797,buy
1738124804.866,bybit,BTCUSDT,102064.36,0.009798,buy
1738124804.866,bybit,BTCUSDT,102064.36,0.009798,buy
1738124804.866,bybit,BTCUSDT,102064.36,0.009798,buy
1738124804.866,bybit,BTCUSDT,102064.36,0.009798,buy
1738124804.866,bybit,BTCUSDT,102064.36,0.009798,buy
1738124804.866,bybit,BTCUSDT,102064.36,0.009798,buy
1738124804.866,bybit,BTCUSDT,102064.36,0.009798,buy
1738124804.866,bybit,BTCUSDT,102064.36,0.009798,buy
1738124804.866,bybit,BTCUSDT,102064.36,0.009798,buy
1738124804.866,bybit,BTCUSDT,102064.36,0.009798,buy
1738124804.866,bybit,BTCUSDT,102064.36,0.009798,buy
1738124804.866,bybit,BTCUSDT,102064.36,0.009798,buy
1738124804.866,bybit,BTCUSDT,102064.36,0.009798,buy
1738124804.866,bybit,BTCUSDT,102064.36,0.009798,buy
1738124804.866,bybit,BTCUSDT,102064.36,0.009798,buy
1738124804.866,bybit,BTCUSDT,102064.36,0.0219,buy
1738124804.866,bybit,BTCUSDT,102064.36,0.003,buy
1738124804.866,bybit,BTCUSDT,102064.36,0.000146,buy
1738124807.119,bybit,BTCUSDT,102065.59,0.004739,buy
1738124807.119,bybit,BTCUSDT,102065.59,0.0001,buy
1738124807.119,bybit,BTCUSDT,102065.59,0.0001,buy
1738124807.119,bybit,BTCUSDT,102065.59,0.009798,buy
1738124807.119,bybit,BTCUSDT,102065.59,0.009798,buy
1738124807.119,bybit,BTCUSDT,102065.59,0.004871,buy
1738124807.12,bybit,BTCUSDT,102065.59,0.004927,buy
1738124807.12,bybit,BTCUSDT,102065.59,0.009798,buy
1738124807.12,bybit,BTCUSDT,102065.59,0.009798,buy
1738124807.12,bybit,BTCUSDT,102065.59,0.009798,buy
1738124807.12,bybit,BTCUSDT,102065.59,0.009798,buy
1738124807.12,bybit,BTCUSDT,102065.59,0.009798,buy
1738124807.12,bybit,BTCUSDT,102065.59,0.009798,buy
1738124807.12,bybit,BTCUSDT,102065.59,0.000816,buy
1738124807.122,bybit,BTCUSDT,102065.59,0.008982,buy
1738124807.122,bybit,BTCUSDT,102065.59,0.009798,buy
1738124807.122,bybit,BTCUSDT,102065.59,0.009798,buy
1738124807.122,bybit,BTCUSDT,102065.59,0.0114,buy
1738124807.122,bybit,BTCUSDT,102065.59,0.002065,buy
1738124807.123,bybit,BTCUSDT,102065.59,0.007733,buy
1738124807.123,bybit,BTCUSDT,102065.59,0.009798,buy
1738124807.123,bybit,BTCUSDT,102065.59,0.009798,buy
1738124807.123,bybit,BTCUSDT,102065.59,0.009798,buy
1738124807.123,bybit,BTCUSDT,102065.59,0.009798,buy
1738124807.123,bybit,BTCUSDT,102065.59,0.002,buy
1738124807.123,bybit,BTCUSDT,102065.59,0.000192,buy
1738124807.123,bybit,BTCUSDT,102066.37,0.0035,buy
1738124807.123,bybit,BTCUSDT,102066.37,9.4e-05,buy
1738124807.123,bybit,BTCUSDT,102066.68,0.002939,buy
1738124807.169,bybit,BTCUSDT,102068.45,0.006739,buy
1738124807.169,bybit,BTCUSDT,102068.45,0.0001,buy
1738124807.169,bybit,BTCUSDT,102068.45,0.0001,buy
1738124807.169,bybit,BTCUSDT,102068.45,0.000261,buy
1738124807.169,bybit,BTCUSDT,102068.45,9.7e-05,buy
1738124807.169,bybit,BTCUSDT,102068.64,0.006203,buy
1738124807.169,bybit,BTCUSDT,102068.64,0.000178,buy
1738124807.169,bybit,BTCUSDT,102068.78,0.005005,buy
1738124807.169,bybit,BTCUSDT,102068.78,0.009999,buy
1738124807.169,bybit,BTCUSDT,102068.97,0.004525,buy
1738124807.169,bybit,BTCUSDT,102069.05,0.007303,buy
1738124807.169,bybit,BTCUSDT,102069.07,0.008203,buy
1738124807.169,bybit,BTCUSDT,102069.07,0.006787,buy
1738124807.169,bybit,BTCUSDT,102069.07,0.000303,buy
1738124807.169,bybit,BTCUSDT,102069.28,0.0003,buy
1738124807.169,bybit,BTCUSDT,102069.32,0.000423,buy
1738124807.169,bybit,BTCUSDT,102070.47,0.0006,buy
1738124807.169,bybit,BTCUSDT,102071.19,0.00015,buy
1738124807.169,bybit,BTCUSDT,102071.33,0.019594,buy
1738124807.805,bybit,BTCUSDT,102071.48,9.7e-05,buy
1738124807.99,bybit,BTCUSDT,102071.48,3e-06,buy
1738124807.99,bybit,BTCUSDT,102071.48,0.0001,buy
1738124807.99,bybit,BTCUSDT,102071.48,0.000464,buy
1738124807.99,bybit,BTCUSDT,102071.48,0.005564,buy
1738124807.99,bybit,BTCUSDT,102071.48,0.003356,buy
1738124807.99,bybit,BTCUSDT,102071.48,0.01,buy
1738124807.99,bybit,BTCUSDT,102071.48,0.011303,buy
1738124807.99,bybit,BTCUSDT,102071.48,0.003059,buy
1738124807.99,bybit,BTCUSDT,102071.48,0.005879,buy
1738124807.99,bybit,BTCUSDT,102071.48,0.011943,buy
1738124807.99,bybit,BTCUSDT,102071.5,0.005878,buy
1738124807.99,bybit,BTCUSDT,102071.59,0.002939,buy
1738124808.013,bybit,BTCUSDT,102071.9,0.003,sell
1738124808.024,bybit,BTCUSDT,102071.91,0.002939,buy
1738124808.024,bybit,BTCUSDT,102072.11,0.002939,buy
1738124808.024,bybit,BTCUSDT,102072.9,0.000232,buy
1738124808.024,bybit,BTCUSDT,102073.54,0.0006,buy
1738124808.149,bybit,BTCUSDT,102073.67,0.000394,sell
1738124810.154,bybit,BTCUSDT,102073.67,0.0001,sell
1738124810.154,bybit,BTCUSDT,102073.67,0.0001,sell
1738124810.154,bybit,BTCUSDT,102073.67,0.002342,sell
1738124810.362,bybit,BTCUSDT,102073.67,0.077648,sell
1738124810.362,bybit,BTCUSDT,102073.67,0.009798,sell
1738124810.362,bybit,BTCUSDT,102073.67,0.007654,sell
1738124810.366,bybit,BTCUSDT,102073.67,0.0002,sell
1738124810.367,bybit,BTCUSDT,102073.67,0.001944,sell
1738124810.367,bybit,BTCUSDT,102073.67,0.009798,sell
1738124810.367,bybit,BTCUSDT,102073.67,0.009798,sell
1738124810.367,bybit,BTCUSDT,102073.67,0.009798,sell
1738124810.367,bybit,BTCUSDT,102073.67,0.009798,sell
1738124810.367,bybit,BTCUSDT,102073.67,0.009798,sell
1738124810.367,bybit,BTCUSDT,102073.67,0.009798,sell
1738124810.367,bybit,BTCUSDT,102073.67,0.009798,sell
1738124810.367,bybit,BTCUSDT,102073.67,0.009798,sell
1738124810.367,bybit,BTCUSDT,102073.67,0.009798,sell
1738124810.367,bybit,BTCUSDT,102073.67,0.009798,sell
1738124810.367,bybit,BTCUSDT,102073.67,0.009798,sell
1738124810.367,bybit,BTCUSDT,102073.67,0.009798,sell
1738124810.367,bybit,BTCUSDT,102073.67,0.009798,sell
1738124810.367,bybit,BTCUSDT,102073.67,0.009798,sell
1738124810.367,bybit,BTCUSDT,102073.67,0.009798,sell
1738124810.367,bybit,BTCUSDT,102073.67,0.003,sell
1738124810.367,bybit,BTCUSDT,102073.67,0.002,sell
1738124810.367,bybit,BTCUSDT,102073.67,0.01,sell
1738124810.367,bybit,BTCUSDT,102073.67,0.0001,sell
1738124810.367,bybit,BTCUSDT,102073.67,8.6e-05,sell
1738124810.367,bybit,BTCUSDT,102073.67,1.4e-05,sell
1738124810.367,bybit,BTCUSDT,102072.89,0.005908,sell
1738124810.367,bybit,BTCUSDT,102072.89,0.003352,sell
1738124810.367,bybit,BTCUSDT,102072.89,0.006643,sell
1738124810.367,bybit,BTCUSDT,102072.89,0.00584,sell
1738124810.367,bybit,BTCUSDT,102072.89,0.005709,sell
1738124810.367,bybit,BTCUSDT,102072.89,0.004634,sell
1738124810.405,bybit,BTCUSDT,102072.89,3.3e-05,sell
1738124810.405,bybit,BTCUSDT,102072.89,0.0001,sell
1738124810.405,bybit,BTCUSDT,102072.89,0.0001,sell
1738124810.405,bybit,BTCUSDT,102071.32,0.002939,sell
1738124810.405,bybit,BTCUSDT,102070.93,0.002939,sell
1738124810.44,bybit,BTCUSDT,102070.47,0.0006,sell
1738124810.44,bybit,BTCUSDT,102070.47,0.005005,sell
1738124810.44,bybit,BTCUSDT,102070.47,0.009999,sell
1738124810.44,bybit,BTCUSDT,102070.47,0.0001,sell
1738124810.44,bybit,BTCUSDT,102070.47,0.0001,sell
1738124810.44,bybit,BTCUSDT,102070.47,0.009798,sell
1738124810.44,bybit,BTCUSDT,102070.47,0.000152,sell
1738124810.441,bybit,BTCUSDT,102070.47,0.009797,sell
1738124810.441,bybit,BTCUSDT,102070.47,0.009798,sell
1738124810.441,bybit,BTCUSDT,102070.28,0.002939,sell
1738124810.441,bybit,BTCUSDT,102070.11,0.000978,sell
1738124810.446,bybit,BTCUSDT,102070.11,0.0049,sell
1738124810.446,bybit,BTCUSDT,102070.09,0.005878,sell
1738124810.446,bybit,BTCUSDT,102070.07,0.005878,sell
1738124810.451,bybit,BTCUSDT,102069.75,0.000804,sell
1738124810.456,bybit,BTCUSDT,102069.75,0.002135,sell
1738124810.464,bybit,BTCUSDT,102068.97,0.002939,sell
1738124810.464,bybit,BTCUSDT,102067.66,0.002939,sell
1738124810.464,bybit,BTCUSDT,102067.41,0.0006,sell
1738124811.032,bybit,BTCUSDT,102067.33,0.009798,sell
1738124811.032,bybit,BTCUSDT,102067.33,0.009798,sell
1738124811.032,bybit,BTCUSDT,102067.33,0.009798,sell
1738124811.032,bybit,BTCUSDT,102067.33,0.009798,sell
1738124811.032,bybit,BTCUSDT,102067.33,0.009798,sell
1738124811.032,bybit,BTCUSDT,102067.33,0.000481,sell
1738124811.032,bybit,BTCUSDT,102067.33,0.000729,sell
1738124811.037,bybit,BTCUSDT,102067.33,0.0006,sell
1738124811.041,bybit,BTCUSDT,102067.33,0.008469,sell
1738124811.041,bybit,BTCUSDT,102067.33,0.009798,sell
1738124811.041,bybit,BTCUSDT,102067.33,0.001646,sell
1738124811.041,bybit,BTCUSDT,102067.33,0.009798,sell
1738124811.041,bybit,BTCUSDT,102067.33,0.004569,sell
1738124811.041,bybit,BTCUSDT,102067.33,0.005638,sell
1738124811.041,bybit,BTCUSDT,102067.33,0.009798,sell
1738124811.041,bybit,BTCUSDT,102067.33,0.005049,sell
1738124811.041,bybit,BTCUSDT,102067.33,0.009798,sell
1738124811.041,bybit,BTCUSDT,102067.33,0.009798,sell
1738124811.041,bybit,BTCUSDT,102067.33,0.009798,sell
1738124811.041,bybit,BTCUSDT,102067.33,0.005211,sell
1738124811.041,bybit,BTCUSDT,102067.33,0.003112,sell
1738124811.041,bybit,BTCUSDT,102067.33,0.007182,sell
1738124811.043,bybit,BTCUSDT,102067.33,0.002616,sell
1738124811.043,bybit,BTCUSDT,102067.33,0.009798,sell
1738124811.057,bybit,BTCUSDT,102066.09,0.0001,sell
1738124811.141,bybit,BTCUSDT,102066.09,5e-05,sell
1738124811.141,bybit,BTCUSDT,102065.76,0.00285,sell
1738124811.142,bybit,BTCUSDT,102065.76,8.9e-05,sell
1738124811.142,bybit,BTCUSDT,102065.37,0.002811,sell
1738124811.142,bybit,BTCUSDT,102065.37,0.000128,sell
1738124811.142,bybit,BTCUSDT,102064.71,0.002939,sell
1738124811.142,bybit,BTCUSDT,102064.55,0.005878,sell
1738124811.142,bybit,BTCUSDT,102064.53,0.005878,sell
1738124811.142,bybit,BTCUSDT,102064.5,0.005878,sell
1738124811.142,bybit,BTCUSDT,102064.35,0.0006,sell
1738124811.142,bybit,BTCUSDT,102064.19,0.002499,sell
1738124811.384,bybit,BTCUSDT,102063.32,0.0006,sell
1738124811.384,bybit,BTCUSDT,102061.84,0.002939,sell
1738124811.384,bybit,BTCUSDT,102061.29,0.0006,sell
1738124811.384,bybit,BTCUSDT,102060.98,0.00015,sell
1738124811.384,bybit,BTCUSDT,102060.61,0.001497,sell
1738124813.19,bybit,BTCUSDT,102060.54,0.002,sell
1738124813.19,bybit,BTCUSDT,102060.54,0.003,sell
1738124813.19,bybit,BTCUSDT,102060.54,0.000439,sell
1738124813.19,bybit,BTCUSDT,102060.54,0.003945,sell
1738124813.19,bybit,BTCUSDT,102060.54,0.016616,sell
1738124815.402,bybit,BTCUSDT,102060.55,0.000584,buy
1738124816.11,bybit,BTCUSDT,102060.55,0.000852,buy
1738124817.9,bybit,BTCUSDT,102060.55,0.0001,buy
1738124817.9,bybit,BTCUSDT,102060.55,0.00234,buy
1738124817.9,bybit,BTCUSDT,102060.55,0.07765,buy
1738124817.9,bybit,BTCUSDT,102060.55,0.009798,buy
1738124817.9,bybit,BTCUSDT,102060.55,0.009798,buy
1738124817.9,bybit,BTCUSDT,102060.55,0.009798,buy
1738124817.9,bybit,BTCUSDT,102060.55,0.009798,buy
1738124817.9,bybit,BTCUSDT,102060.55,0.009798,buy
1738124817.9,bybit,BTCUSDT,102060.55,0.0001,buy
1738124817.9,bybit,BTCUSDT,102060.55,0.009798,buy
1738124817.9,bybit,BTCUSDT,102060.55,0.009798,buy
1738124817.9,bybit,BTCUSDT,102060.55,0.009798,buy
1738124817.9,bybit,BTCUSDT,102060.55,0.009798,buy
1738124817.9,bybit,BTCUSDT,102060.55,0.009798,buy
1738124817.9,bybit,BTCUSDT,102060.55,0.009798,buy
1738124817.9,bybit,BTCUSDT,102060.55,0.009798,buy
1738124817.9,bybit,BTCUSDT,102060.55,0.009797,buy
1738124817.9,bybit,BTCUSDT,102060.55,0.009798,buy
1738124817.9,bybit,BTCUSDT,102060.55,0.009798,buy
1738124817.9,bybit,BTCUSDT,102060.55,0.009798,buy
1738124817.9,bybit,BTCUSDT,102060.55,0.009798,buy
1738124817.9,bybit,BTCUSDT,102060.55,0.003,buy
1738124817.9,bybit,BTCUSDT,102060.55,0.001945,buy
1738124817.903,bybit,BTCUSDT,102060.55,5.5e-05,buy
1738124818.781,bybit,BTCUSDT,102062.63,0.002939,buy
1738124818.781,bybit,BTCUSDT,102062.63,0.0001,buy
1738124818.781,bybit,BTCUSDT,102062.63,0.0001,buy
1738124818.781,bybit,BTCUSDT,102062.63,0.009799,buy
1738124818.781,bybit,BTCUSDT,102062.63,0.009798,buy
1738124818.781,bybit,BTCUSDT,102062.63,0.009798,buy
1738124818.781,bybit,BTCUSDT,102062.63,0.009798,buy
1738124818.781,bybit,BTCUSDT,102062.63,0.009798,buy
1738124818.781,bybit,BTCUSDT,102062.63,0.009798,buy
1738124818.781,bybit,BTCUSDT,102062.63,0.000317,buy
1738124818.781,bybit,BTCUSDT,102062.63,0.002744,buy
1738124820.001,bybit,BTCUSDT,102062.63,0.001741,buy
1738124820.362,bybit,BTCUSDT,102062.62,0.000584,sell
1738124820.442,bybit,BTCUSDT,102062.63,5.1e-05,buy
1738124820.676,bybit,BTCUSDT,102062.63,0.005262,buy
1738124820.676,bybit,BTCUSDT,102062.63,0.009798,buy
1738124820.676,bybit,BTCUSDT,102062.63,0.009798,buy
1738124820.676,bybit,BTCUSDT,102062.63,0.009033,buy
1738124820.678,bybit,BTCUSDT,102062.63,0.000765,buy
1738124820.678,bybit,BTCUSDT,102062.63,0.009798,buy
1738124820.678,bybit,BTCUSDT,102062.63,0.007499,buy
1738124820.681,bybit,BTCUSDT,102062.63,0.002299,buy
1738124820.681,bybit,BTCUSDT,102062.63,0.009798,buy
1738124820.681,bybit,BTCUSDT,102062.63,0.009798,buy
1738124820.681,bybit,BTCUSDT,102062.63,0.009798,buy
1738124820.681,bybit,BTCUSDT,102062.63,0.009798,buy
1738124820.681,bybit,BTCUSDT,102062.63,0.003,buy
1738124820.681,bybit,BTCUSDT,102062.63,0.0001,buy
1738124820.681,bybit,BTCUSDT,102062.63,0.0001,buy
1738124820.681,bybit,BTCUSDT,102062.63,0.009798,buy
1738124820.681,bybit,BTCUSDT,102062.63,7e-05,buy
1738124820.681,bybit,BTCUSDT,102063.35,0.0023,buy
1738124820.682,bybit,BTCUSDT,102064.35,0.0006,buy
1738124820.704,bybit,BTCUSDT,102062.63,0.0001,buy
1738124820.704,bybit,BTCUSDT,102062.63,0.0001,buy
1738124820.704,bybit,BTCUSDT,102064.98,0.002499,buy
1738124820.704,bybit,BTCUSDT,102065.46,0.0003,buy
1738124820.704,bybit,BTCUSDT,102065.51,0.000423,buy
1738124820.832,bybit,BTCUSDT,102065.96,0.024495,buy
1738124820.833,bybit,BTCUSDT,102066.09,0.00015,buy
1738124820.834,bybit,BTCUSDT,102066.55,0.0029,buy
1738124820.834,bybit,BTCUSDT,102066.55,3.9e-05,buy
1738124820.834,bybit,BTCUSDT,102067.41,0.0006,buy
1738124820.844,bybit,BTCUSDT,102068.31,0.003112,buy
1738124820.844,bybit,BTCUSDT,102068.64,0.001646,buy
1738124821.101,bybit,BTCUSDT,102068.71,0.000852,sell
1738124823.028,bybit,BTCUSDT,102068.72,0.00087,buy
1738124823.028,bybit,BTCUSDT,102068.72,0.00453,buy
1738124823.032,bybit,BTCUSDT,102068.72,3.9e-05,buy
1738124823.032,bybit,BTCUSDT,102068.73,0.005638,buy
1738124823.032,bybit,BTCUSDT,102068.74,0.005049,buy
1738124823.032,bybit,BTCUSDT,102068.97,0.002774,buy
1738124823.125,bybit,BTCUSDT,102068.97,0.000165,buy
1738124823.125,bybit,BTCUSDT,102069.95,0.002939,buy
1738124823.125,bybit,BTCUSDT,102070.38,0.0003,buy
1738124823.125,bybit,BTCUSDT,102070.47,0.0006,buy
1738124823.125,bybit,BTCUSDT,102070.47,0.000423,buy
1738124823.125,bybit,BTCUSDT,102071.19,0.00015,buy
1738124823.181,bybit,BTCUSDT,102071.48,0.005878,buy
1738124823.181,bybit,BTCUSDT,102071.48,0.000485,buy
1738124823.181,bybit,BTCUSDT,102071.49,0.005878,buy
1738124823.181,bybit,BTCUSDT,102071.5,0.005878,buy
1738124823.181,bybit,BTCUSDT,102071.59,0.002939,buy
1738124823.181,bybit,BTCUSDT,102071.91,0.002939,buy
1738124823.181,bybit,BTCUSDT,102072.1,0.002939,buy
1738124823.182,bybit,BTCUSDT,102073.54,0.0006,buy
1738124823.182,bybit,BTCUSDT,102074.28,0.01744,buy
1738124823.183,bybit,BTCUSDT,102074.55,0.019594,buy
1738124823.183,bybit,BTCUSDT,102075.11,0.001609,buy
1738124823.187,bybit,BTCUSDT,102075.11,0.0019,buy
1738124823.187,bybit,BTCUSDT,102075.11,0.01,buy
1738124823.187,bybit,BTCUSDT,102075.11,0.006084,buy
1738124823.187,bybit,BTCUSDT,102075.29,0.0003,buy
1738124823.187,bybit,BTCUSDT,102075.44,0.000423,buy
1738124823.244,bybit,BTCUSDT,102076.29,0.00015,buy
1738124823.284,bybit,BTCUSDT,102076.6,0.0006,buy
1738124823.405,bybit,BTCUSDT,102077.99,0.00125,buy
1738124823.469,bybit,BTCUSDT,102077.98,0.0001,sell
1738124823.469,bybit,BTCUSDT,102077.98,0.0001,sell
1738124823.469,bybit,BTCUSDT,102077.98,0.0543,sell
1738124823.474,bybit,BTCUSDT,102077.98,0.02569,sell
1738124823.474,bybit,BTCUSDT,102077.98,0.009798,sell
1738124823.474,bybit,BTCUSDT,102077.98,0.009798,sell
1738124823.474,bybit,BTCUSDT,102077.98,0.009798,sell
1738124823.474,bybit,BTCUSDT,102077.98,0.009798,sell
1738124823.474,bybit,BTCUSDT,102077.98,0.009798,sell
1738124823.474,bybit,BTCUSDT,102077.98,0.009798,sell
1738124823.474,bybit,BTCUSDT,102077.98,0.009798,sell
1738124823.474,bybit,BTCUSDT,102077.98,0.009798,sell
1738124823.474,bybit,BTCUSDT,102077.98,0.009798,sell
1738124823.474,bybit,BTCUSDT,102077.98,0.009798,sell
1738124823.474,bybit,BTCUSDT,102077.98,0.009799,sell
1738124823.474,bybit,BTCUSDT,102077.98,0.009798,sell
1738124823.474,bybit,BTCUSDT,102077.98,0.009798,sell
1738124823.474,bybit,BTCUSDT,102077.98,0.009735,sell
1738124823.474,bybit,BTCUSDT,102077.98,6.3e-05,sell
1738124823.474,bybit,BTCUSDT,102077.21,0.002773,sell
1738124823.474,bybit,BTCUSDT,102076.68,0.001575,sell
1738124823.474,bybit,BTCUSDT,102076.6,0.003189,sell
1738124823.479,bybit,BTCUSDT,102077.98,0.0001,sell
1738124823.479,bybit,BTCUSDT,102077.98,0.0001,sell
1738124823.479,bybit,BTCUSDT,102076.6,0.002994,sell
1738124823.479,bybit,BTCUSDT,102076.2,0.006506,sell
1738124823.566,bybit,BTCUSDT,102076.2,0.0002,sell
1738124823.747,bybit,BTCUSDT,102076.2,0.001134,sell
1738124823.753,bybit,BTCUSDT,102076.2,0.001958,sell
1738124823.753,bybit,BTCUSDT,102076.2,0.0001,sell
1738124823.753,bybit,BTCUSDT,102076.2,0.0001,sell
1738124823.753,bybit,BTCUSDT,102076.2,0.0294,sell
1738124823.753,bybit,BTCUSDT,102076.2,0.009798,sell
1738124823.753,bybit,BTCUSDT,102076.2,0.009798,sell
1738124823.753,bybit,BTCUSDT,102076.2,0.009797,sell
1738124823.753,bybit,BTCUSDT,102076.2,0.009797,sell
1738124823.753,bybit,BTCUSDT,102076.2,0.009797,sell
1738124823.753,bybit,BTCUSDT,102076.2,0.004155,sell
1738124825.201,bybit,BTCUSDT,102076.21,1.9e-05,buy
1738124825.407,bybit,BTCUSDT,102076.21,8.1e-05,buy
1738124825.407,bybit,BTCUSDT,102076.21,0.000502,buy
1738124826.164,bybit,BTCUSDT,102076.21,0.000851,buy
1738124826.455,bybit,BTCUSDT,102076.2,0.001249,sell
1738124828.298,bybit,BTCUSDT,102076.21,4.8e-05,buy
1738124828.552,bybit,BTCUSDT,102076.2,0.004393,sell
1738124828.552,bybit,BTCUSDT,102076.2,0.000658,sell
1738124828.823,bybit,BTCUSDT,102076.2,0.004755,sell
1738124828.866,bybit,BTCUSDT,102076.2,0.00075,sell
1738124911.732,bybit,BTCUSDT,102114.35,0.078009,buy
1738124911.732,bybit,BTCUSDT,102114.35,0.009792,buy
1738124911.732,bybit,BTCUSDT,102114.35,0.009792,buy
1738124911.732,bybit,BTCUSDT,102114.35,0.009792,buy
1738124911.732,bybit,BTCUSDT,102114.35,0.009792,buy
1738124911.732,bybit,BTCUSDT,102114.35,0.009793,buy
1738124911.732,bybit,BTCUSDT,102114.35,0.009793,buy
1738124911.732,bybit,BTCUSDT,102114.35,0.009792,buy
1738124911.732,bybit,BTCUSDT,102114.35,0.009792,buy
1738124911.732,bybit,BTCUSDT,102114.35,0.009792,buy
1738124911.732,bybit,BTCUSDT,102114.35,0.009792,buy
1738124911.732,bybit,BTCUSDT,102114.35,0.0001,buy
1738124911.732,bybit,BTCUSDT,102114.35,0.009793,buy
1738124911.732,bybit,BTCUSDT,102114.35,0.009793,buy
1738124911.732,bybit,BTCUSDT,102114.35,0.009792,buy
1738124911.732,bybit,BTCUSDT,102114.35,0.009793,buy
1738124911.732,bybit,BTCUSDT,102114.35,0.009793,buy
1738124911.732,bybit,BTCUSDT,102114.35,0.009793,buy
1738124911.732,bybit,BTCUSDT,102114.35,0.009793,buy
1738124911.732,bybit,BTCUSDT,102114.35,0.000297,buy
1738124911.732,bybit,BTCUSDT,102114.35,0.0001,buy
1738124911.732,bybit,BTCUSDT,102114.35,0.002,buy
1738124911.732,bybit,BTCUSDT,102114.35,0.002,buy
1738124911.732,bybit,BTCUSDT,102114.35,0.00124,buy
1738124911.732,bybit,BTCUSDT,102114.35,0.003,buy
1738124911.732,bybit,BTCUSDT,102114.35,0.003,buy
1738124911.733,bybit,BTCUSDT,102117.25,0.00412,buy
1738124911.733,bybit,BTCUSDT,102117.31,0.005005,buy
1738124911.733,bybit,BTCUSDT,102117.32,0.009999,buy
1738124911.733,bybit,BTCUSDT,102117.68,0.002938,buy
1738124911.733,bybit,BTCUSDT,102118.13,0.005875,buy
1738124911.733,bybit,BTCUSDT,102118.52,0.002938,buy
1738124911.746,bybit,BTCUSDT,102119.22,0.002938,buy
1738124911.746,bybit,BTCUSDT,102119.22,0.0001,buy
1738124911.746,bybit,BTCUSDT,102119.22,0.0001,buy
1738124911.746,bybit,BTCUSDT,102119.28,0.0003,buy
1738124911.746,bybit,BTCUSDT,102119.3,0.001959,buy
1738124911.746,bybit,BTCUSDT,102119.33,0.000423,buy
1738124911.746,bybit,BTCUSDT,102119.48,0.0006,buy
1738124912.227,bybit,BTCUSDT,102119.53,0.001121,sell
1738124912.631,bybit,BTCUSDT,102119.54,0.0001,buy
1738124912.631,bybit,BTCUSDT,102119.54,0.0001,buy
1738124912.631,bybit,BTCUSDT,102119.54,0.009793,buy
1738124912.631,bybit,BTCUSDT,102119.54,0.009793,buy
1738124912.631,bybit,BTCUSDT,102119.54,0.009793,buy
1738124912.631,bybit,BTCUSDT,102119.54,0.009793,buy
1738124912.631,bybit,BTCUSDT,102119.54,0.009793,buy
1738124912.631,bybit,BTCUSDT,102119.54,0.009793,buy
1738124912.631,bybit,BTCUSDT,102119.54,0.009793,buy
1738124912.631,bybit,BTCUSDT,102119.54,0.009793,buy
1738124912.631,bybit,BTCUSDT,102119.54,0.009793,buy
1738124912.631,bybit,BTCUSDT,102119.54,0.000622,buy
1738124912.631,bybit,BTCUSDT,102119.54,0.002333,buy
1738124912.631,bybit,BTCUSDT,102119.54,0.003172,buy
1738124912.631,bybit,BTCUSDT,102119.54,0.009793,buy
1738124912.631,bybit,BTCUSDT,102119.54,0.009793,buy
1738124912.631,bybit,BTCUSDT,102119.54,0.009793,buy
1738124912.631,bybit,BTCUSDT,102119.54,0.009793,buy
1738124912.631,bybit,BTCUSDT,102119.54,0.009054,buy
1738124912.631,bybit,BTCUSDT,102119.59,0.005875,buy
1738124912.631,bybit,BTCUSDT,102119.98,0.001488,buy
1738124912.644,bybit,BTCUSDT,102120.75,0.002005,buy
1738124912.644,bybit,BTCUSDT,102120.75,0.0001,buy
1738124912.644,bybit,BTCUSDT,102120.92,0.005875,buy
1738124912.644,bybit,BTCUSDT,102121.12,0.002938,buy
1738124912.644,bybit,BTCUSDT,102121.14,0.002838,buy
1738124912.644,bybit,BTCUSDT,102121.14,0.0001,buy
1738124912.654,bybit,BTCUSDT,102121.94,0.002938,buy
1738124912.654,bybit,BTCUSDT,102122.24,0.00015,buy
1738124912.654,bybit,BTCUSDT,102122.28,0.005875,buy
1738124912.654,bybit,BTCUSDT,102122.3,0.005875,buy
1738124912.654,bybit,BTCUSDT,102122.46,0.0099,buy
1738124912.654,bybit,BTCUSDT,102122.52,0.004994,buy
1738124912.654,bybit,BTCUSDT,102122.53,0.009999,buy
1738124912.654,bybit,BTCUSDT,102122.54,0.0006,buy
1738124912.774,bybit,BTCUSDT,102125.01,3.1e-05,buy
1738124912.774,bybit,BTCUSDT,102125.01,0.004237,buy
1738124912.774,bybit,BTCUSDT,102125.01,0.004014,buy
1738124912.774,bybit,BTCUSDT,102125.01,0.000827,buy
1738124912.774,bybit,BTCUSDT,102125.01,0.001618,buy
1738124912.784,bybit,BTCUSDT,102125.61,0.0006,buy
1738124912.784,bybit,BTCUSDT,102126.0,0.001053,buy
1738124912.784,bybit,BTCUSDT,102126.0,0.0025,buy
1738124912.784,bybit,BTCUSDT,102127.24,7.5e-05,buy
1738124912.784,bybit,BTCUSDT,102127.34,0.00015,buy
1738124912.901,bybit,BTCUSDT,102127.81,0.000575,buy
1738124913.248,bybit,BTCUSDT,102127.81,0.000146,buy
1738124914.677,bybit,BTCUSDT,102127.8,0.000924,sell
1738124917.589,bybit,BTCUSDT,102127.8,0.000309,sell
1738124918.544,bybit,BTCUSDT,102127.81,0.000486,buy
1738124918.544,bybit,BTCUSDT,102127.81,0.012703,buy
1738124918.544,bybit,BTCUSDT,102127.81,0.012192,buy
1738124918.544,bybit,BTCUSDT,102127.81,0.018523,buy
1738124918.544,bybit,BTCUSDT,102127.81,0.017627,buy
1738124918.544,bybit,BTCUSDT,102127.81,0.024506,buy
1738124918.544,bybit,BTCUSDT,102127.81,0.019913,buy
1738124918.544,bybit,BTCUSDT,102127.81,0.002574,buy
1738124918.564,bybit,BTCUSDT,102128.67,0.0006,buy
1738124918.564,bybit,BTCUSDT,102129.16,0.000441,buy
1738124918.564,bybit,BTCUSDT,102129.41,0.0003,buy
1738124918.564,bybit,BTCUSDT,102129.51,0.000423,buy
1738124918.589,bybit,BTCUSDT,102129.81,0.001336,sell
1738124920.412,bybit,BTCUSDT,102129.82,0.005874,buy
1738124920.412,bybit,BTCUSDT,102129.82,0.000307,buy
1738124920.412,bybit,BTCUSDT,102129.82,0.002314,buy
1738124920.417,bybit,BTCUSDT,102130.44,0.0029,buy
1738124920.425,bybit,BTCUSDT,102130.44,3.7e-05,buy
1738124920.461,bybit,BTCUSDT,102131.65,0.005876,buy
1738124920.461,bybit,BTCUSDT,102131.72,0.002937,buy
1738124920.461,bybit,BTCUSDT,102131.73,0.000487,buy
1738124920.464,bybit,BTCUSDT,102131.73,0.000113,buy
1738124920.464,bybit,BTCUSDT,102132.45,0.00015,buy
1738124920.464,bybit,BTCUSDT,102132.68,0.005876,buy
1738124920.464,bybit,BTCUSDT,102132.81,0.005005,buy
1738124920.464,bybit,BTCUSDT,102132.82,0.009164,buy
1738124920.464,bybit,BTCUSDT,102132.82,0.000263,buy
1738124920.485,bybit,BTCUSDT,102133.59,0.0004,buy
1738124920.485,bybit,BTCUSDT,102134.35,0.0003,buy
1738124920.485,bybit,BTCUSDT,102134.49,0.000423,buy
1738124921.639,bybit,BTCUSDT,102134.68,0.022199,sell
1738124921.639,bybit,BTCUSDT,102134.68,0.011299,sell
1738124921.639,bybit,BTCUSDT,102134.68,0.072713,sell
1738124921.639,bybit,BTCUSDT,102134.68,0.072788,sell
1738124923.224,bybit,BTCUSDT,102134.69,9.7e-05,buy
1738124925.1,bybit,BTCUSDT,102134.68,0.0001,sell
1738124925.1,bybit,BTCUSDT,102134.68,0.0001,sell
1738124925.1,bybit,BTCUSDT,102134.68,0.00048,sell
1738124925.1,bybit,BTCUSDT,102134.68,0.028857,sell
1738124925.1,bybit,BTCUSDT,102134.68,0.049153,sell
1738124925.1,bybit,BTCUSDT,102134.68,0.01,sell
1738124925.1,bybit,BTCUSDT,102134.68,0.00084,sell
1738124925.1,bybit,BTCUSDT,102134.68,0.0001,sell
1738124925.1,bybit,BTCUSDT,102134.68,0.00056,sell
1738124925.1,bybit,BTCUSDT,102134.68,0.01,sell
1738124925.1,bybit,BTCUSDT,102134.68,0.009793,sell
1738124925.1,bybit,BTCUSDT,102134.68,0.009793,sell
1738124925.1,bybit,BTCUSDT,102134.68,0.009793,sell
1738124925.1,bybit,BTCUSDT,102134.68,0.009793,sell
1738124925.1,bybit,BTCUSDT,102134.68,0.009793,sell
1738124925.1,bybit,BTCUSDT,102134.68,0.000849,sell
1738124925.1,bybit,BTCUSDT,102134.68,0.009793,sell
1738124925.1,bybit,BTCUSDT,102134.68,0.009793,sell
1738124925.1,bybit,BTCUSDT,102134.68,0.009793,sell
1738124925.1,bybit,BTCUSDT,102134.68,0.009793,sell
1738124925.1,bybit,BTCUSDT,102134.68,0.009793,sell
1738124925.1,bybit,BTCUSDT,102134.68,0.009793,sell
1738124925.1,bybit,BTCUSDT,102134.68,0.009793,sell
1738124925.1,bybit,BTCUSDT,102134.68,0.009793,sell
1738124925.1,bybit,BTCUSDT,102134.68,0.009793,sell
1738124925.1,bybit,BTCUSDT,102134.68,0.009793,sell
1738124925.1,bybit,BTCUSDT,102134.68,0.009793,sell
1738124925.1,bybit,BTCUSDT,102134.68,0.000707,sell
1738124925.1,bybit,BTCUSDT,102134.68,0.002,sell
1738124925.1,bybit,BTCUSDT,102134.68,0.003,sell
1738124925.1,bybit,BTCUSDT,102134.68,0.007228,sell
1738124925.1,bybit,BTCUSDT,102134.68,0.003695,sell
1738124925.1,bybit,BTCUSDT,102134.68,0.001583,sell
1738124925.1,bybit,BTCUSDT,102134.68,0.002873,sell
1738124925.1,bybit,BTCUSDT,102134.68,7.9e-05,sell
1738124925.1,bybit,BTCUSDT,102133.59,0.042128,sell
1738124925.101,bybit,BTCUSDT,102133.33,0.004247,sell
1738124925.101,bybit,BTCUSDT,102133.15,0.002937,sell
1738124925.101,bybit,BTCUSDT,102132.91,0.001776,sell
1738124925.101,bybit,BTCUSDT,102132.75,0.002937,sell
1738124925.101,bybit,BTCUSDT,102131.98,0.005875,sell
1738124925.101,bybit,BTCUSDT,102131.9,0.005875,sell
1738124925.101,bybit,BTCUSDT,102131.71,0.009999,sell
1738124925.101,bybit,BTCUSDT,102131.7,0.005005,sell
1738124925.101,bybit,BTCUSDT,102131.64,0.029617,sell
1738124925.101,bybit,BTCUSDT,102131.64,0.024822,sell
1738124925.101,bybit,BTCUSDT,102131.64,0.00896,sell
1738124925.101,bybit,BTCUSDT,102131.63,0.002789,sell
1738124925.101,bybit,BTCUSDT,102131.63,0.000148,sell
1738124925.101,bybit,BTCUSDT,102130.82,0.002937,sell
1738124925.101,bybit,BTCUSDT,102130.61,0.005875,sell
1738124925.101,bybit,BTCUSDT,102130.32,0.002937,sell
1738124925.101,bybit,BTCUSDT,102129.29,0.005874,sell
1738124925.101,bybit,BTCUSDT,102129.16,0.005,sell
1738124925.101,bybit,BTCUSDT,102129.16,0.005,sell
1738124925.101,bybit,BTCUSDT,102129.11,0.005874,sell
1738124925.101,bybit,BTCUSDT,102128.67,0.0006,sell
1738124925.101,bybit,BTCUSDT,102128.58,0.000423,sell
1738124925.101,bybit,BTCUSDT,102128.39,0.0003,sell
1738124925.101,bybit,BTCUSDT,102128.17,0.001361,sell
1738124925.101,bybit,BTCUSDT,102127.89,0.005874,sell
1738124925.101,bybit,BTCUSDT,102127.8,0.000928,sell
1738124925.101,bybit,BTCUSDT,102127.72,0.002937,sell
1738124925.101,bybit,BTCUSDT,102127.34,0.00015,sell
1738124925.101,bybit,BTCUSDT,102127.01,0.013472,sell
1738124925.101,bybit,BTCUSDT,102127.01,0.061407,sell
1738124925.101,bybit,BTCUSDT,102127.0,0.02304,sell
1738124925.101,bybit,BTCUSDT,102127.0,0.067097,sell
1738124925.102,bybit,BTCUSDT,102127.0,0.006207,sell
1738124925.102,bybit,BTCUSDT,102126.0,0.060836,sell
1738124925.103,bybit,BTCUSDT,102126.0,0.037622,sell
1738124925.103,bybit,BTCUSDT,102125.61,0.0006,sell
1738124925.103,bybit,BTCUSDT,102125.17,0.019582,sell
1738124925.103,bybit,BTCUSDT,102125.15,0.002937,sell
1738124925.103,bybit,BTCUSDT,102124.47,0.0001,sell
1738124925.103,bybit,BTCUSDT,102124.28,7.4e-05,sell
1738124925.103,bybit,BTCUSDT,102122.98,0.002448,sell
1738124925.103,bybit,BTCUSDT,102122.97,0.018144,sell
1738124925.103,bybit,BTCUSDT,102122.54,0.0006,sell
1738124925.103,bybit,BTCUSDT,102122.48,0.000423,sell
1738124925.103,bybit,BTCUSDT,102122.28,0.037789,sell
1738124925.103,bybit,BTCUSDT,102122.28,0.059684,sell
1738124925.103,bybit,BTCUSDT,102122.24,0.00015,sell
1738124925.103,bybit,BTCUSDT,102122.1,0.0003,sell
1738124925.103,bybit,BTCUSDT,102121.5,0.024529,sell
1738124925.104,bybit,BTCUSDT,102121.5,0.019258,sell
1738124925.104,bybit,BTCUSDT,102121.5,0.114225,sell
1738124925.111,bybit,BTCUSDT,102120.9,0.002487,sell
1738124925.257,bybit,BTCUSDT,102119.91,0.00072,buy
1738124925.344,bybit,BTCUSDT,102119.91,4.8e-05,buy
1738124926.733,bybit,BTCUSDT,102119.91,0.069882,buy
1738124926.733,bybit,BTCUSDT,102119.91,0.02934,buy
1738124926.733,bybit,BTCUSDT,102119.91,0.0001,buy
1738124926.733,bybit,BTCUSDT,102119.91,0.0001,buy
1738124926.733,bybit,BTCUSDT,102119.91,0.009793,buy
1738124926.733,bybit,BTCUSDT,102119.91,0.009793,buy
1738124926.733,bybit,BTCUSDT,102119.91,0.009793,buy
1738124926.733,bybit,BTCUSDT,102119.91,0.009793,buy
1738124926.733,bybit,BTCUSDT,102119.91,0.009793,buy
1738124926.733,bybit,BTCUSDT,102119.91,0.009793,buy
1738124926.733,bybit,BTCUSDT,102119.91,0.009793,buy
1738124926.733,bybit,BTCUSDT,102119.91,0.009793,buy
1738124926.733,bybit,BTCUSDT,102119.91,0.009793,buy
1738124926.733,bybit,BTCUSDT,102119.91,0.009793,buy
1738124926.733,bybit,BTCUSDT,102119.91,0.009793,buy
1738124926.733,bybit,BTCUSDT,102119.91,0.009793,buy
1738124926.733,bybit,BTCUSDT,102119.91,0.009793,buy
1738124926.733,bybit,BTCUSDT,102119.91,0.009793,buy
1738124926.733,bybit,BTCUSDT,102119.91,0.009793,buy
1738124926.733,bybit,BTCUSDT,102119.91,0.009793,buy
1738124926.733,bybit,BTCUSDT,102119.91,0.009793,buy
1738124926.734,bybit,BTCUSDT,102122.97,0.005005,buy
1738124926.734,bybit,BTCUSDT,102122.98,0.009999,buy
1738124926.734,bybit,BTCUSDT,102123.18,0.002314,buy
1738124927.158,bybit,BTCUSDT,102125.61,2.9e-05,buy
1738124927.873,bybit,BTCUSDT,102125.61,0.000571,buy
1738124927.873,bybit,BTCUSDT,102125.61,0.000407,buy
1738124931.732,bybit,BTCUSDT,102125.61,0.002593,buy
1738124931.732,bybit,BTCUSDT,102125.61,0.002,buy
1738124931.732,bybit,BTCUSDT,102125.61,0.002314,buy
1738124931.732,bybit,BTCUSDT,102127.34,0.00015,buy
1738124931.747,bybit,BTCUSDT,102128.67,0.0006,buy
1738124931.747,bybit,BTCUSDT,102128.67,0.022781,buy
1738124931.747,bybit,BTCUSDT,102128.67,0.010519,buy
1738124931.747,bybit,BTCUSDT,102128.68,0.003886,buy
1738124931.764,bybit,BTCUSDT,102128.68,0.001108,buy
1738124931.764,bybit,BTCUSDT,102128.68,0.025718,buy
1738124931.804,bybit,BTCUSDT,102129.02,0.002937,buy
1738124932.835,bybit,BTCUSDT,102129.25,0.005874,buy
1738124932.835,bybit,BTCUSDT,102129.25,0.002314,buy
1738124932.84,bybit,BTCUSDT,102130.5,0.005874,buy
1738124932.84,bybit,BTCUSDT,102130.64,0.005874,buy
1738124932.841,bybit,BTCUSDT,102131.62,0.002937,buy
1738124932.841,bybit,BTCUSDT,102131.73,0.0006,buy
1738124932.841,bybit,BTCUSDT,102131.79,0.002937,buy
1738124932.841,bybit,BTCUSDT,102131.97,0.005763,buy
1738124932.841,bybit,BTCUSDT,102131.97,0.000112,buy
1738124932.841,bybit,BTCUSDT,102132.32,0.004888,buy
1738124932.842,bybit,BTCUSDT,102132.32,0.000117,buy
1738124932.842,bybit,BTCUSDT,102132.39,0.002783,buy
1738124932.864,bybit,BTCUSDT,102132.39,0.000154,buy
1738124932.864,bybit,BTCUSDT,102132.45,0.00015,buy
1738124933.792,bybit,BTCUSDT,102133.28,0.000652,sell
1738124934.606,bybit,BTCUSDT,102133.28,0.000977,sell
1738124935.292,bybit,BTCUSDT,102133.28,0.001604,sell
1738124935.383,bybit,BTCUSDT,102133.28,7.6e-05,sell
1738124935.899,bybit,BTCUSDT,102133.28,0.00088,sell
1738124936.793,bybit,BTCUSDT,102133.28,0.0008,sell
1738124937.471,bybit,BTCUSDT,102133.29,0.000434,buy
1738124937.471,bybit,BTCUSDT,102133.29,0.002632,buy
1738124937.579,bybit,BTCUSDT,102133.29,0.000976,buy
1738124937.91,bybit,BTCUSDT,102133.29,9.7e-05,buy
1738124940.063,bybit,BTCUSDT,102133.28,0.001098,sell
1738124940.083,bybit,BTCUSDT,102133.29,0.014802,buy
1738124940.083,bybit,BTCUSDT,102133.29,0.003243,buy
1738124940.083,bybit,BTCUSDT,102133.29,0.002314,buy
1738124940.083,bybit,BTCUSDT,102133.33,0.005741,buy
1738124940.084,bybit,BTCUSDT,102133.33,0.000134,buy
1738124940.084,bybit,BTCUSDT,102133.72,0.002766,buy
1738124940.084,bybit,BTCUSDT,102133.72,0.000171,buy
1738124940.084,bybit,BTCUSDT,102133.91,0.002937,buy
1738124940.087,bybit,BTCUSDT,102134.21,0.0017,buy
1738124940.088,bybit,BTCUSDT,102134.21,7.6e-05,buy
1738124940.088,bybit,BTCUSDT,102134.49,6.8e-05,buy
1738124940.088,bybit,BTCUSDT,102134.69,0.010122,buy
1738124940.088,bybit,BTCUSDT,102134.69,0.0099,buy
1738124940.088,bybit,BTCUSDT,102134.8,0.0006,buy
1738124940.088,bybit,BTCUSDT,102135.44,0.002873,buy
1738124940.088,bybit,BTCUSDT,102135.51,0.002126,buy
1738124940.088,bybit,BTCUSDT,102135.65,0.001583,buy
1738124940.088,bybit,BTCUSDT,102136.03,0.007228,buy
1738124940.088,bybit,BTCUSDT,102136.07,0.003695,buy
1738124940.088,bybit,BTCUSDT,102136.22,0.002429,buy
1738124940.104,bybit,BTCUSDT,102136.22,0.000371,buy
1738124940.104,bybit,BTCUSDT,102137.56,0.00015,buy
1738124940.131,bybit,BTCUSDT,102137.57,0.000975,sell
1738124942.611,bybit,BTCUSDT,102137.58,0.000974,buy
1738124942.977,bybit,BTCUSDT,102137.58,0.014802,buy
1738124942.977,bybit,BTCUSDT,102137.58,0.000656,buy
1738124942.977,bybit,BTCUSDT,102137.58,0.002938,buy
1738124944.053,bybit,BTCUSDT,102137.57,0.000557,sell
1738124944.053,bybit,BTCUSDT,102137.57,1.7e-05,sell
1738124944.778,bybit,BTCUSDT,102137.57,0.0001,sell
1738124945.655,bybit,BTCUSDT,102137.57,0.000973,sell
1738124948.118,bybit,BTCUSDT,102137.58,0.000972,buy
1738124948.592,bybit,BTCUSDT,102137.57,0.002708,sell
1738124949.44,bybit,BTCUSDT,102137.58,0.000574,buy
1738124950.025,bybit,BTCUSDT,102137.58,0.000839,buy
1738124950.532,bybit,BTCUSDT,102137.57,0.002102,sell
1738124951.135,bybit,BTCUSDT,102137.57,0.000971,sell
1738124952.505,bybit,BTCUSDT,102137.57,0.000574,sell
1738124953.589,bybit,BTCUSDT,102137.58,0.00097,buy
1738124954.245,bybit,BTCUSDT,102137.57,0.0001,sell
1738124954.245,bybit,BTCUSDT,102137.57,0.0001,sell
1738124954.245,bybit,BTCUSDT,102137.57,0.000359,sell
1738124954.25,bybit,BTCUSDT,102137.57,0.009434,sell
1738124954.25,bybit,BTCUSDT,102137.57,0.09922,sell
1738124954.25,bybit,BTCUSDT,102137.57,0.009793,sell
1738124954.25,bybit,BTCUSDT,102137.57,0.00072,sell
1738124954.25,bybit,BTCUSDT,102137.57,5e-05,sell
1738124954.25,bybit,BTCUSDT,102137.57,0.009793,sell
1738124954.25,bybit,BTCUSDT,102137.57,0.009793,sell
1738124954.25,bybit,BTCUSDT,102137.57,0.009793,sell
1738124954.25,bybit,BTCUSDT,102137.57,0.009793,sell
1738124954.25,bybit,BTCUSDT,102137.57,0.009793,sell
1738124954.25,bybit,BTCUSDT,102137.57,0.009793,sell
1738124954.25,bybit,BTCUSDT,102137.57,0.009793,sell
1738124954.25,bybit,BTCUSDT,102137.57,0.009793,sell
1738124954.25,bybit,BTCUSDT,102137.57,0.009793,sell
1738124954.25,bybit,BTCUSDT,102137.57,0.009793,sell
1738124954.25,bybit,BTCUSDT,102137.57,0.009793,sell
1738124954.25,bybit,BTCUSDT,102137.57,0.009793,sell
1738124954.25,bybit,BTCUSDT,102137.57,0.009793,sell
1738124954.25,bybit,BTCUSDT,102137.57,0.009793,sell
1738124954.25,bybit,BTCUSDT,102137.57,0.009793,sell
1738124954.25,bybit,BTCUSDT,102137.57,0.000111,sell
1738124954.25,bybit,BTCUSDT,102137.57,0.014751,sell
1738124954.25,bybit,BTCUSDT,102137.57,0.016891,sell
1738124954.25,bybit,BTCUSDT,102137.57,8.2e-05,sell
1738124954.25,bybit,BTCUSDT,102137.57,0.003,sell
1738124954.25,bybit,BTCUSDT,102137.57,0.003464,sell
1738124954.25,bybit,BTCUSDT,102137.57,0.002,sell
1738124954.25,bybit,BTCUSDT,102137.57,0.01,sell
1738124954.25,bybit,BTCUSDT,102137.57,0.000979,sell
1738124954.25,bybit,BTCUSDT,102137.57,0.0001,sell
1738124954.25,bybit,BTCUSDT,102137.41,0.001882,sell
1738124954.25,bybit,BTCUSDT,102137.41,0.0001,sell
1738124954.254,bybit,BTCUSDT,102136.28,0.005922,sell
1738124954.254,bybit,BTCUSDT,102136.23,0.005365,sell
1738124954.334,bybit,BTCUSDT,102136.05,0.002937,sell
1738124954.334,bybit,BTCUSDT,102136.05,0.0001,sell
1738124954.334,bybit,BTCUSDT,102136.05,0.0001,sell
1738124954.334,bybit,BTCUSDT,102136.05,0.030163,sell
1738124954.364,bybit,BTCUSDT,102135.58,0.00053,sell
1738124954.364,bybit,BTCUSDT,102135.58,0.0001,sell
1738124954.364,bybit,BTCUSDT,102135.58,0.0001,sell
1738124954.364,bybit,BTCUSDT,102135.58,0.009791,sell
1738124954.404,bybit,BTCUSDT,102134.68,0.007047,sell
1738124954.404,bybit,BTCUSDT,102134.68,0.0001,sell
1738124954.404,bybit,BTCUSDT,102134.68,0.009791,sell
1738124954.404,bybit,BTCUSDT,102134.68,0.009791,sell
1738124954.404,bybit,BTCUSDT,102134.68,0.009791,sell
1738124954.463,bybit,BTCUSDT,102134.53,0.002937,sell
1738124954.471,bybit,BTCUSDT,102133.28,0.0001,sell
1738124954.484,bybit,BTCUSDT,102133.28,6.6e-05,sell
1738124954.505,bybit,BTCUSDT,102132.75,0.002937,sell
1738124954.505,bybit,BTCUSDT,102132.45,0.00015,sell
1738124954.505,bybit,BTCUSDT,102131.93,0.002937,sell
1738124954.582,bybit,BTCUSDT,102131.9,0.000838,sell
1738124954.808,bybit,BTCUSDT,102131.9,0.000899,sell
1738124955.965,bybit,BTCUSDT,102131.9,0.000969,sell
1738124959.974,bybit,BTCUSDT,102131.9,0.000213,sell
1738124960.052,bybit,BTCUSDT,102131.9,0.000208,sell
1738124960.162,bybit,BTCUSDT,102131.91,0.000242,buy
1738124960.492,bybit,BTCUSDT,102131.9,0.000914,sell
1738124961.298,bybit,BTCUSDT,102131.9,0.002597,sell
1738124962.394,bybit,BTCUSDT,102131.9,0.000951,sell
1738124963.212,bybit,BTCUSDT,102131.9,0.000242,sell
1738124966.734,bybit,BTCUSDT,102131.91,0.0001,buy
1738124966.734,bybit,BTCUSDT,102131.91,0.09999,buy
1738124966.734,bybit,BTCUSDT,102131.91,0.0001,buy
1738124966.734,bybit,BTCUSDT,102131.91,0.009791,buy
1738124966.734,bybit,BTCUSDT,102131.91,0.009791,buy
1738124966.734,bybit,BTCUSDT,102131.91,0.009791,buy
1738124966.734,bybit,BTCUSDT,102131.91,0.009791,buy
1738124966.734,bybit,BTCUSDT,102131.91,0.009792,buy
1738124966.734,bybit,BTCUSDT,102131.91,0.009792,buy
1738124966.734,bybit,BTCUSDT,102131.91,0.009792,buy
1738124966.734,bybit,BTCUSDT,102131.91,0.009792,buy
1738124966.734,bybit,BTCUSDT,102131.91,0.009792,buy
1738124966.734,bybit,BTCUSDT,102131.91,0.009792,buy
1738124966.734,bybit,BTCUSDT,102131.91,0.009792,buy
1738124966.734,bybit,BTCUSDT,102131.91,0.009792,buy
1738124966.734,bybit,BTCUSDT,102131.91,0.009792,buy
1738124966.734,bybit,BTCUSDT,102131.91,0.009792,buy
1738124966.734,bybit,BTCUSDT,102131.91,0.009792,buy
1738124966.734,bybit,BTCUSDT,102131.91,0.009792,buy
1738124966.734,bybit,BTCUSDT,102131.91,0.009792,buy
1738124966.734,bybit,BTCUSDT,102131.91,0.002,buy
1738124966.734,bybit,BTCUSDT,102131.91,0.003,buy
1738124966.734,bybit,BTCUSDT,102131.91,0.002314,buy
1738124966.734,bybit,BTCUSDT,102133.7,0.0151,buy
1738124966.734,bybit,BTCUSDT,102133.71,0.002937,buy
1738124966.734,bybit,BTCUSDT,102134.69,0.009062,buy
1738124966.734,bybit,BTCUSDT,102136.81,0.002937,buy
1738124966.734,bybit,BTCUSDT,102137.56,0.00015,buy
1738124966.734,bybit,BTCUSDT,102137.57,0.004326,buy
1738124966.734,bybit,BTCUSDT,102137.61,0.005874,buy
1738124966.734,bybit,BTCUSDT,102137.62,0.011797,buy
1738124968.443,bybit,BTCUSDT,102137.85,0.002937,sell
1738124973.488,bybit,BTCUSDT,102137.85,0.0001,sell
1738124973.488,bybit,BTCUSDT,102137.85,0.0001,sell
1738124973.488,bybit,BTCUSDT,102137.85,0.056943,sell
1738124973.488,bybit,BTCUSDT,102137.85,0.043047,sell
1738124973.488,bybit,BTCUSDT,102137.85,0.001961,sell
1738124973.488,bybit,BTCUSDT,102137.85,0.009792,sell
1738124973.488,bybit,BTCUSDT,102137.85,0.009792,sell
1738124973.488,bybit,BTCUSDT,102137.85,0.009792,sell
1738124973.488,bybit,BTCUSDT,102137.85,0.009792,sell
1738124973.488,bybit,BTCUSDT,102137.85,0.009792,sell
1738124973.488,bybit,BTCUSDT,102137.85,0.008445,sell
1738124973.488,bybit,BTCUSDT,102137.85,0.009792,sell
1738124973.488,bybit,BTCUSDT,102137.85,0.009792,sell
1738124973.488,bybit,BTCUSDT,102137.85,0.009792,sell
1738124973.488,bybit,BTCUSDT,102137.85,0.009792,sell
1738124973.488,bybit,BTCUSDT,102137.85,0.009792,sell
1738124973.488,bybit,BTCUSDT,102137.85,0.009792,sell
1738124973.488,bybit,BTCUSDT,102137.85,0.009792,sell
1738124973.488,bybit,BTCUSDT,102137.85,0.009791,sell
1738124973.488,bybit,BTCUSDT,102137.85,0.002203,sell
1738124974.184,bybit,BTCUSDT,102137.86,0.0006,buy
1738124974.184,bybit,BTCUSDT,102137.86,0.0001,buy
1738124974.184,bybit,BTCUSDT,102137.86,0.0001,buy
1738124974.184,bybit,BTCUSDT,102137.86,0.003122,buy
1738124978.715,bybit,BTCUSDT,102137.86,0.004051,buy
1738124979.481,bybit,BTCUSDT,102137.85,0.000294,sell
1738124989.67,bybit,BTCUSDT,102138.1,0.099513,sell
1738124989.67,bybit,BTCUSDT,102138.1,0.0001,sell
1738124989.67,bybit,BTCUSDT,102138.1,0.002,sell
1738124989.67,bybit,BTCUSDT,102138.1,0.0001,sell
1738124989.67,bybit,BTCUSDT,102138.1,0.009791,sell
1738124989.67,bybit,BTCUSDT,102138.1,0.009791,sell
1738124989.67,bybit,BTCUSDT,102138.1,0.009791,sell
1738124989.67,bybit,BTCUSDT,102138.1,0.009791,sell
1738124989.67,bybit,BTCUSDT,102138.1,0.009791,sell
1738124989.67,bybit,BTCUSDT,102138.1,0.009791,sell
1738124989.67,bybit,BTCUSDT,102138.1,0.009791,sell
1738124989.67,bybit,BTCUSDT,102138.1,0.009791,sell
1738124989.67,bybit,BTCUSDT,102138.1,0.009791,sell
1738124989.67,bybit,BTCUSDT,102138.1,0.009791,sell
1738124989.67,bybit,BTCUSDT,102138.1,0.009791,sell
1738124989.67,bybit,BTCUSDT,102138.1,0.009791,sell
1738124989.67,bybit,BTCUSDT,102138.1,0.009791,sell
1738124989.67,bybit,BTCUSDT,102138.1,0.009791,sell
1738124989.67,bybit,BTCUSDT,102138.1,0.009791,sell
1738124989.67,bybit,BTCUSDT,102138.1,0.005928,sell
1738124989.67,bybit,BTCUSDT,102138.1,0.009791,sell
1738124989.67,bybit,BTCUSDT,102137.87,0.000244,sell
